2000 3684
197 310 445 382 Annrrrrrrt
468 311 554 382 [ιι.
579 313 682 383 rm.
713 337 783 402 ¹09

106 429 198 504 aden,
220 451 253 491 ut
270 434 329 512 ipre
346 453 460 514 quoqne
478 435 616 514 exciperet
638 437 733 506 inlus,
753 443 782 498 dt

105 534 158 572 ore
169 511 315 594 preferret.
332 513 463 584 Deinde,
483 515 532 574 ubi
554 519 684 576 Cesaram
704 539 780 588 esst,

101 595 158 671 qui
166 612 358 672 grassaretur,
375 597 530 675 pernotuit,
552 597 780 679 augebanturque

99 676 214 753 ,injuriat
238 673 370 736 adversus
391 678 466 736 viros
491 675 667 758 feminasque
691 679 782 758 insig-

103 777 176 826 nes,
196 765 224 815 δι
244 756 385 836 quidam',
405 755 537 837 permissi
560 759 646 838 semel
668 755 782 818 licentii

104 837 158 897 sub
177 838 293 897 nornine
312 837 451 908 Neronis,
464 839 563 909 institi,
582 840 699 918 propriis
716 857 782 898 curn

105 917 223 1001 globis,
242 917 339 978 eadem
358 919 545 989 exercebant,
565 928 593 980 &
615 920 646 978 in
662 918 782 980 modun

52 1024 55 1028 ⁴
107 999 282 1078 captivitatis
299 1021 356 1058 nox
382 999 527 1081 agebatur.
552 999 642 1058 Julius
666 998 783 1080 quidem

105 1079 287 1149 Montanus,
302 1082 435 1140 senatorii
445 1079 570 1151 ordinis,
582 1079 629 1140 sed
643 1082 781 1162 quinon·

106 1159 178 1220 dum
192 1156 329 1220 bonorem
341 1162 502 1241 capessisset
509 1205 519 1233 ,
533 1181 695 1243 congressus
708 1160 783 1224 forte

106 1262 156 1322 per
177 1242 303 1300 tenebras
320 1262 384 1300 cnm
400 1243 547 1321 principe,
563 1244 630 1322 quia
642 1244 673 1302 vi
685 1261 780 1305 artene

106 1341 216 1382 tantem
239 1324 340 1381 acriter
354 1322 510 1402 repulerat,
529 1322 629 1382 deinde
652 1325 782 1406 agnitum

105 1422 259 1472 oraverat,
303 1405 363 1462 uati
393 1404 602 1483 exprobrasset,
629 1407 703 1464 mori
724 1404 780 1464 ad-

106 1488 187 1544 actus
205 1481 252 1542 est.
304 1505 351 1544 ero
369 1503 463 1544 autern
482 1486 652 1544 metuentior
664 1487 694 1544 in
711 1505 781 1563 pns-

105 1585 221 1634 terum,
244 1565 347 1624 milites
366 1565 443 1637 sibi,
464 1573 491 1626 &
512 1565 658 1645 plerosque
677 1565 783 1647 gladie

107 1667 183 1706 tores
201 1645 400 1718 circumdedit,
413 1647 463 1727 qui
483 1647 605 1706 rixarum
621 1646 703 1706 initia
718 1666 784 1706 mo-

105 1727 172 1788 dica
184 1773 198 1796 ,
215 1736 245 1786 8(
262 1729 343 1808 quasi
357 1730 464 1806 privata
479 1728 623 1786 sinerent:
641 1727 665 1786 si
682 1727 784 1790 alesia

106 1808 229 1868 validiris
255 1828 397 1891 ageretur,
423 1829 503 1868 arma
524 1806 665 1868 inferrent.
688 1808 781 1868 Ludi-

108 1911 189 1949 cram
212 1910 325 1970 qunque
344 1889 512 1960 licentiam,
531 1898 558 1950 dt
581 1887 702 1950 fattnrts
728 1887 785 1952 itit-

106 1973 233 2029 trionum
251 1969 328 2029 velut
350 1971 380 2028 in
399 1971 496 2050 proelia
515 1971 669 2040 convertit,
687 1972 783 2050 impu-

106 2053 198 2112 nitate
215 2060 243 2111 δι
261 2052 401 2131 praetniis,
422 2070 506 2131 atque
522 2052 580 2129 ipse
598 2051 739 2122 occultus,
754 2059 783 2112 δε

104 2133 275 2214 plerumque
309 2129 404 2192 cotim
429 2133 610 2211 prospedltns
638 2153 649 2186 s
669 2130 783 2202 donec,

105 2211 232 2274 discordi
250 2211 356 2292 populo
368 2257 382 2282 ,.
402 2220 428 2281 ur
454 2212 592 2293 gravioris
610 2209 703 2270 motis
723 2229 783 2270 ter-

104 2315 190 2364 rore,
211 2315 271 2355 non
292 2292 368 2351 aliud
386 2293 545 2352 remedium
564 2309 699 2369 repertum
724 2288 783 2364 est,

108 2373 197 2457 quim
217 2393 249 2432 ut
268 2370 415 2433 histriones
426 2370 510 2434 Italia
525 2371 708 2452 pellerentur,
728 2373 788 2432 mie—

104 2457 134 2518 le
169 2476 203 2516 ne
222 2452 336 2514 theatro
352 2475 460 2514 rursum
481 2452 631 2513 adsideret.

134 2479 264 2596 5llllVI.
288 2533 341 2594 Per
361 2533 437 2594 idern
456 2554 567 2613 ternpus
582 2537 676 2594 adium
695 2538 728 2597 in
744 2553 786 2594 se-

106 2637 177 2678 natu
192 2620 225 2678 de
233 2615 384 2695 fraudibus
399 2616 572 2684 libertorum,
588 2615 787 2697 efflagitarunt·

107 2721 161 2778 que
188 2718 220 2758 ut
246 2699 378 2758 adversas
401 2697 471 2754 made
491 2697 602 2754 meritos
630 2701 787 2768 revocanda

105 2780 243 2842 libertatis
249 2781 304 2863 jus
317 2778 445 2857 patronis
457 2779 576 2838 daretur.
592 2776 654 2838 Nec
671 2777 788 2843 deerant
