2000 3684
169 302 407 384 AuuAtruu
431 316 517 384 lm.
542 317 646 386 XIII.
707 329 757 406 93'

101 424 317 505 subverterentur,
343 435 488 495 obtinuere
511 455 630 518 patres:
680 439 708 497 ui
728 441 759 500 in

101 508 222 585 palatium
246 515 285 572 ob
308 515 336 574 id
359 518 549 589 vocabantru,
582 537 613 579 ut
641 457 761 580 adstaret

101 588 193 684 auditis
209 613 314 678 atergo
325 595 432 657 foribus
448 600 513 658 velo
530 599 665 670 discreta,
682 599 761 681 quod

100 689 181 764 visum
213 695 342 749 arceret,
373 677 483 740 auditus
518 702 578 740 nou
615 679 761 744 adimeret.

101 751 173 827 Qum
202 765 228 816 δι
258 759 357 842 legatis
389 759 588 821 Armeniorum
611 807 621 833 ,
649 781 762 822 causam

101 835 183 914 gentis
205 839 277 918 apud
304 839 448 900 Neronem
477 842 641 914 orantibus,
666 863 764 906 escen-

101 914 159 976 dere
175 918 332 1002 suggestum
357 923 551 1002 imperatoris,
574 931 601 982 δι
623 923 764 1002 praesidete

102 997 178 1056 simul
192 1001 326 1080 parabat3
344 1005 398 1062 nisi
417 1005 514 1063 ceteris
532 1023 633 1083 pavore
647 1001 764 1074 defixis,
794 1047 798 1056 .

102 1077 197 1140 Seneca
213 1083 421 1155 admonuisset,
439 1085 562 1146 venienti
581 1085 665 1142 matri
676 1107 766 1145 occur·

104 1179 170 1219 reret.
187 1163 229 1222 Ita
241 1166 332 1246 specie
351 1166 479 1248 pietatis,
498 1165 614 1225 obviam
629 1167 699 1224 itum
719 1165 767 1226 de·

101 1238 193 1303 decori.

138 1323 187 1384 VI.
204 1327 271 1386 Fine
289 1329 375 1397 anni,
387 1325 504 1386 turbidis
514 1326 671 1387 rumoribus
682 1374 690 1399 ‚
699 1349 768 1402 pro·

104 1406 198 1478 rupisse
214 1429 321 1468 nusum
342 1407 482 1478 Parthos,
495 1405 523 1468 ἃ
535 1411 596 1482 rapi
605 1408 769 1468 Amutrium

105 1486 219 1548 adlatum
234 1489 273 1548 est
284 1537 297 1560 ,
314 1489 395 1563 pulso
411 1489 585 1570 Rhadamisso
596 1535 608 1557 ,
630 1491 680 1570 qui
698 1509 769 1568 saepe

106 1571 175 1651 regni
202 1576 258 1651 ejus
282 1572 413 1650 potitus,
439 1569 504 1628 dein
529 1567 681 1651 profugus,
708 1587 770 1628 tum

106 1669 209 1731 quoque
229 1652 339 1711 bellum
359 1650 523 1710 deseruerat.
544 1649 633 1732 Igitur
653 1651 683 1708 in
701 1649 789 1712 urbe.

106 1747 256 1792 sermonum
278 1732 363 1792 avida
374 1777 384 1804 ,
405 1733 623 1810 quemadmodum
643 1731 769 1808 princeps

105 1815 151 1874 uix
167 1816 353 1890 septemdecim
372 1835 460 1872 annos
476 1834 619 1892 egressus,
636 1815 771 1887 suscipere

107 1917 159 1952 eam
179 1898 274 1956 neodem
287 1943 300 1966 ‚
319 1913 367 1953 aut
385 1895 544 1968 propulsare
562 1897 683 1968 posset?
703 1897 775 1972 quod

105 1975 246 2037 subsidium
269 1980 301 2036 in
319 1998 372 2046 eo,
392 1977 438 2052 qui
455 1998 473 2033 a
486 1975 593 2060 femitm
613 1979 772 2052 regeretur?

107 2078 164 2116 uum
184 2061 286 2134 ptoelia
311 2078 427 2134 quoque,
449 2051 476 2115 ἃ
499 2057 707 2134 oppugnationes
728 2079 772 2116 ur-

104 2136 191 2210 bium,
212 2139 344 2202 &cetera
357 2138 422 2195 belli
431 2183 443 2206 ,
458 2157 511 2211 per
526 2138 599 2215 mugi
621 2157 664 2193 ros
684 2137 773 2195 admi·

106 2222 208 2301 m‘ssrari
221 2237 354 2296 possent,
370 2217 563 2298 inquirebant.
607 2234 686 2273 onera
706 2217 775 2288 alii,

107 2302 198 2362 meliis
209 2304 334 2363 evenisse
343 2299 478 2358 disserunt
486 2344 498 2373 ,
510 2295 589 2374 quim
600 2297 627 2353 si
635 2297 777 2357 invalidus

106 2382 249 2445 seueiid&
273 2383 389 2463 ignauid
408 2381 536 2439 Claudius
555 2377 660 2434 militia
679 2380 717 2436 ad
734 2379 776 2436 lu-

107 2463 178 2524 iores
196 2481 360 2532 uocantum
381 2460 527 2521 seruilibus
539 2459 629 2538 jussis
648 2457 777 2533 obtempe-

107 2565 220 2607 raturus.
231 2547 352 2605 Burrum
359 2563 448 2601 tamen
458 2538 623 2600 &Senecam
635 2539 778 2598 multarum

107 2650 190 2688 rerum
212 2626 382 2702 experientid
400 2625 520 2703 cognitos
541 2645 551 2679 .·
575 2617 601 2678 u
622 2621 780 2693 imperatori

108 2719 234 2785 quantum
249 2711 288 2766 ad
303 2706 383 2768 robur
393 2707 506 2764 deesse?
519 2723 597 2778 quum
608 2703 777 2761 odiuuodeei-

107 2813 148 2851 nto
163 2792 259 2852 oetutis
274 2810 346 2848 auno
362 2790 410 2848 Cn.
426 2784 592 2860 Pompeius,
610 2785 782 2844 nonodecimo
