2000 3684
212 354 278 424 302
332 329 370 400 C.
398 331 548 401 eoin.
581 331 764 399 Taciti

208 454 306 532 saepios
337 451 411 512 caede
438 459 466 511 δε
496 449 657 511 vulneribus
685 453 896 534 transiguntur·

206 535 263 595 Sed
282 543 310 594 &
325 533 361 593 de
377 531 590 592 reconciliandis
601 533 723 592 invicem
740 535 889 606 inimicis,

206 615 402 698 &jungendis
424 613 627 684 affinitatibus,
648 622 676 673 ὃ(
699 613 889 676 adsciscendis

207 697 398 778 principibus,
430 695 465 756 de
488 715 557 775 pace
583 694 705 776 denique
729 716 761 754 ac
788 696 867 755 bello
880 743 899 768 ,

208 778 372 859 plerumque
393 781 424 837 in
447 777 584 836 conviviis
600 777 762 836 consultant
781 799 788 834 :
810 795 892 838 tarn-

208 866 297 940 quam
314 859 392 918 nullo
406 859 501 940 'magis
515 875 642 937 tempore
663 857 765 918 autad
784 860 895 940 simpli·

210 961 255 1000 ees
285 941 591 1024 cogitationespateat
620 941 751 1010 animus,
779 959 830 999 aur
860 939 897 1000 ad

210 1040 330 1100 magnas
359 1022 520 1081 incalescat.
551 1019 631 1082 Gens
652 1041 711 1081 non
730 1017 826 1080 'astuta
845 1043 898 1082 nec

210 1102 336 1173 callida,
360 1103 448 1181 aperit
467 1099 561 1162 adhuc
586 1119 689 1162 secreta
717 1103 838 1181 pecloris
862 1103 899 1163 li-

211 1182 304 1243 centii
321 1186 388 1262 joci.
408 1182 488 1266 Ergo
502 1181 610 1244 dctedla
629 1191 657 1243 &
673 1181 747 1244 nuda
762 1185 898 1244 omniurn

212 1274 292 1324 mens
322 1262 430 1344 posteri
455 1263 501 1323 die
534 1267 722 1335 retraelatur,
756 1273 784 1324 &
818 1265 899 1328 salva
962 1305 967 1314 -

212 1347 298 1405 utrius
319 1366 354 1404 ue
375 1347 510 1425 temporis
530 1348 603 1405 ratio
629 1343 677 1404 est.
703 1342 900 1420 Deliberant,

213 1425 283 1486 dum
300 1366 409 1510 ingere
431 1427 560 1486 nesciunt
583 1451 590 1486 t
613 1425 803 1499 constituunt,
830 1425 900 1488 dum
964 1499 968 1504 ,

214 1524 303 1567 errare
324 1530 382 1568 non
402 1527 532 1590 possunt.
639 1525 642 1530 ·

225 1619 230 1630 1
255 1589 391 1649 XXIII
419 1588 504 1649 Potui
526 1587 630 1648 humor
643 1611 690 1668 ‘ex
715 1585 825 1649 hordeo
851 1609 902 1652 aur

214 1666 375 1741 frumento,
392 1672 424 1730 in
434 1669 592 1751 quamdam
609 1669 826 1731 similinidinem
838 1674 901 1733 vini

214 1769 367 1831 corruptus.
393 1752 520 1811 Proximi
549 1753 614 1832 ripae
639 1761 666 1813 δι
695 1753 796 1812 vinum
824 1775 900 1813 mer-

215 1847 322 1892 cantur.
350 1831 421 1893 Cibi
448 1833 610 1912 simplices,
636 1831 754 1916 agrestia
785 1855 900 1914 poma,

215 1933 311 1973 recens
330 1911 392 1972 fera
410 1958 421 1983 ,
440 1932 489 1974 aut
509 1915 553 1974 lac
574 1933 745 1975 concretum.
768 1915 837 1976 Sine
854 1939 870 1976 a

216 2012 335 2076 paratu,
363 1995 424 2054 sine
449 1995 653 2056 blandimentis
683 1996 826 2074 expellunt
861 1938 904 2058 li·

217 2096 305 2136 mem.
320 2075 460 2156 Adversas
480 2078 579 2148 sitim,
600 2098 659 2137 non
673 2077 773 2138 eadem
792 2097 903 2160 tempe-

218 2159 318 2219 rantia.
337 2157 369 2217 Si
386 2151 534 2218 indulseris
558 2159 704 2228 ebrietati,
723 2160 903 2242 suggerendo

218 2258 357 2320 qnantum
372 2242 590 2320 concupiscunt,
611 2235 686 2300 haud
707 2231 798 2301 mimis
816 2239 903 2302 facile

215 2322 318 2392 ¹vitiis,
338 2318 425 2400 quim
446 2322 531 2380 armis
554 2323 708 2382 vincentur.

257 2401 373 2461 XXIV.
388 2401 489 2462 Genus
504 2404 725 2482 spectaculorum
737 2423 843 2472 unum,
856 2421 904 2464 at·

222 2502 277 2564 que
298 2484 330 2542 in
350 2485 435 2558 omni¹
455 2501 530 2542 coetn
555 2483 642 2544 idem.
666 2484 746 2544 Nudi
767 2489 918 2562 juvenes,·

220 2563 324 2644 quibus
354 2562 386 2623 id
410 2564 548 2624 ludicrum
572 2563 631 2637 est,
652 2567 725 2624 inter
747 2565 855 2647 gladios
874 2585 905 2625 se

221 2661 306 2725 atque
325 2642 437 2706 infestas
450 2645 570 2707 frameas
591 2648 662 2707 saltu
682 2647 795 2718 iaciunt.
813 2646 906 2704 Exer-

224 2727 322 2785 citatio
340 2745 428 2786 artem
450 2731 577 2808 paravit,
601 2749 643 2788 ars
664 2727 794 2786 decorem
815 2749 822 2783 :
845 2749 905 2788 non

224 2807 256 2866 io
272 2804 406 2889 questum
424 2826 522 2874 tameo
541 2829 590 2873 aut
607 2808 766 2872 mercedem
779 2831 787 2868 ι
800 2819 907 2890 quam-
