2000 3684
237 371 287 444 '44
371 357 408 425 C.
438 357 588 426 Corn.-
619 357 820 426 Tecrer

240 473 369 558 Augusto
389 475 573 556 adaquabat,
594 478 711 550 petitum
728 476 762 536 ab
779 498 810 536 eo
830 495 916 554 regeret

240 556 359 616 referens
369 581 378 628 3
393 557 497 616 ornissh
514 557 624 615 Tiberii
644 555 798 628 memorii,
818 579 917 638 quam-

241 653 328 719 quam
343 636 368 697 ’ἧς
380 653 494 720 quoque
514 641 632 697 miserat.
654 638 831 718 Addiditque
853 647 919 719 pre}

242 733 321 798 cepta
341 723 465 791 (etenim
486 720 581 779 aderat
602 716 804 794 Meherdates)
821 737 919 778 utnon
983 780 984 797 2

243 803 453 861 dominationem
471 800 624 872 eremos,
638 804 823 861 seduliorem
840 798 867 862 ἃ
885 803 921 859 ti-
983 808 984 875 j

244 899 293 944 'ves
313 885 461 962 cogitent,-
483 883 701 960 clementiamque
720 899 752 942 ατ
763 883 917 963 justitiam,

244 965 343 1042 quautd
372 967 469 1043 ignaru
496 964 639 1032 barbaris,
660 964 738 1023 tenta
759 965 919 1022 toleratione
984 1010 985 1037 ,

244 1064 402 1119 capesseret.
423 1045 499 1104 Hinc
512 1066 604 1104 versus
617 1044 653 1104 ad
670 1045 795 1128 legatos,
809 1043 919 1104 extollit
984 1114 985 1117 Ἴ

244 1125 374 1184 laudibus
398 1127 536 1183 alumnum
560 1126 656 1196 urbis,
683 1132 806 1200 spedista
835 1127 922 1184 adid

244 1208 375 1286 medeslie
382 1227 396 1278 ,·
410 1229 444 1264 ac
456 1225 545 1266 tamen
555 1208 671 1284 ferenda
689 1229 778 1286 regum
794 1207 920 1286 ingenia,

245 1301 327 1363 neque
339 1289 401 1345 usui
415 1288 520 1347 crebras
534 1290 697 1349 mutationes
715 1312 725 1346 .·
746 1310 800 1346 rem
817 1289 919 1347 Rome-

246 1389 311 1426 nam
324 1359 374 1427 hue
389 1371 518 1428 satietate
532 1369 626 1446 glorie
637 1375 811 1446 pratellum,-
831 1385 864 1427 ut
878 1391 921 1427 ex·

246 1449 331 1508 remis
347 1469 445 1526 quoque
455 1449 581 1528 gentibus
593 1453 707 1527 quietem
716 1450 795 1510 velit.
810 1444 920 1508 Datum

246 1528 309 1612 post
328 1526 385 1590 haec
407 1530 444 1591 C.
464 1525 591 1601 Cassio,
615 1533 664 1611 qui
683 1532 768 1611 Syriae
788 1551 921 1610 praeerat,

247 1611 382 1673 deducere
392 1617 521 1690 juvenem
531 1615 621 1692 ripam
634 1611 670 1670 ad
682 1608 843 1692 Euphratis

288 1693 355 1754 XII.
369 1692 413 1752 El
426 1691 588 1772 tempestate
602 1693 717 1754 Cassius
729 1714 834 1753 ceteros
849 1714 920 1774 prae-

248 1774 375 1834 minebae
384 1771 482 1853 peritii
492 1774 586 1857 legum
606 1798 612 1830 z
626 1794 692 1833 nam
705 1774 840 1834 militares
855 1792 923 1835 artes

248 1871 296 1935 per
314 1856 405 1913 otium
423 1856 549 1938 ignotae,
564 1854 765 1937 industriosque
780 1877 829 1916 aut
845 1859 924 1940 igne·

247 1955 299 1994 vos
319 1956 372 2014 pax
391 1939 420 1995 in
444 1950 526 2018 aequo
546 1957 630 1996 tenet.
650 1937 807 2009 Attamen,
832 1953 924 2020 quan·

248 2031 310 2075 tunt
327 2018 385 2077 sine
405 2016 482 2077 bello
498 2019 635 2090 dabatur,
655 2039 784 2078 revocare
804 2021 924 2099 priscum

249 2115 380 2169 rnorem,
403 2103 551 2159 exercitare
569 2101 716 2184 legiones,
737 2097 826 2172 eutd,
853 2111 922 2182 pro'-

248 2180 310 2239 visu
319 2179 438 2320 demde
456 2196 557 2262 agere,
574 2203 606 2240 ac
622 2184 644 2242 si
663 2179 748 2241 hostis
761 2184 924 2264 ingruerett

210 2267 214 2273 “
249 2261 299 2343 ita,
339 2263 438 2346 ignum
469 2262 622 2342 majoribus
650 2265 726 2334 suis,
757 2272 785 2324 δι
815 2260 926 2324 familie

250 2336 352 2404 Cassii
369 2363 458 2413 ratus,
482 2364 531 2423 per
549 2345 610 2403 illas
631 2363 743 2424 quoque
761 2364 859 2427 gentes
883 2365 927 2404 ce·

249 2421 365 2482 lebrath.
382 2423 471 2504 Igitur
487 2427 583 2482 excitis
600 2443 719 2505 quorum
740 2425 774 2484 de
788 2428 927 2485 sententia

251 2506 352 2586 petitus
363 2522 409 2562 rex
414 2543 425 2576 ,-
435 2506 586 2586 positisque
596 2504 688 2565 castris
697 2506 771 2585 apud
780 2507 927 2590 Zeugma,

251 2584 325 2643 unde
352 2585 476 2646 maxime
505 2589 612 2666 pervius
639 2590 752 2660 amnis,
777 2587 927 2668 postquam

251 2664 376 2727 inlustres
403 2665 526 2738 Parthi,
552 2685 653 2749 rexque
675 2669 803 2728 Arabum
830 2670 929 2753 Abga-

236 2767 297 2828 rus
318 2747 486 2819 advenerat,
513 2766 611 2808 monet
631 2747 840 2821 Meherdaten,
862 2752 928 2810 bar-

251 2827 374 2892 barorum
402 2831 518 2908 impetus
546 2850 621 2892 aeres
657 2832 822 2893 cuneadoee
859 2835 927 2894 lare-
