2000 3684
205 312 223 374 8
329 307 367 376 C.
396 282 549 378 Cotem
573 309 770 376 Tacere

112 459 116 466 ·
203 424 281 508 relus
297 426 450 488 subsidium
464 428 688 503 praparari,-ne
703 430 765 506 quis
785 428 885 504 inopid

162 550 164 558 ‚
202 510 397 568 aduocatorum
420 510 619 583 potentioribus
646 510 779 569 obnoxius
801 511 843 569 sit
871 536 883 571 .·

204 611 286 665 neque
296 608 386 650 tamen
394 591 573 668 eloquentiam
579 593 701 671 gratuiti>
710 593 886 669 contingere:

203 672 298 728 omitti
317 694 394 732 curas
407 673 585 750 fhmiliaris,
606 691 636 732 ut
649 675 711 750 quis
731 697 761 732 se
781 674 886 732 alienis

202 753 323 831 negotiis
339 754 464 813 intendat
477 778 487 814 .·
501 755 602 814 multos
617 755 741 824 militid,
754 751 885 830 quosdam

203 837 350 894 exercendo
364 857 444 914 egros
461 837 575 896 tolerare
586 837 676 895 vitam
687 861 697 894 .·
709 836 786 894 nilril
791 860 808 894 a
820 858 885 914 quo·

204 936 287 992 quam
297 918 407 990 expeti,
427 917 485 975 nisi
502 919 578 997 eujus
586 917 692 994 festulus
711 917 775 976 anti
786 919 884 991 provi-

205 998 286 1055 derit.
302 998 397 1056 Facile
406 998 559 1068 Asinium,
572 997 599 1058 ll
610 998 792 1067 Messallam,
811 999 886 1061 inter

205 1075 361 1137 Antonium
385 1075 412 1138 Il
438 1078 588 1161 Augustum
610 1080 740 1138 bellorum
758 1081 885 1153 pramiis

204 1159 337 1237 refertos,
366 1179 413 1218 aut
444 1162 544 1220 ditium
569 1162 746 1239 familiarum
775 1160 886 1222 leeredes

205 1242 371 1301 AEseminos
387 1238 412 1300 ἃ
431 1240 582 1302 Ameneios
590 1289 602 1314 ,
624 1265 749 1321 magnum
764 1243 888 1302 animum

204 1322 362 1382 induisse:
380 1342 507 1398 prompta
526 1324 584 1382 sili
607 1325 750 1399 exempla,
773 1325 888 1399 quantis

206 1403 370 1472 mercedibus
393 1405 430 1464 P.
457 1407 565 1465 Clodius
589 1424 637 1464 aut
665 1408 693 1466 C.
721 1405 801 1466 curio
821 1428 888 1466 ton-

207 1484 315 1543 eionari
336 1487 417 1544 soliti
433 1488 492 1546 sint
510 1512 519 1545 :
538 1511 569 1546 se
588 1488 707 1548 modicos
724 1505 863 1546 senatores
872 1510 890 1563 ,⁶

207 1559 300 1643 qiietd
311 1567 398 1641 repub.
414 1570 490 1627 nulla
500 1615 512 1638 ,
527 1569 586 1629 nisi
596 1570 694 1643 pacis,
708 1569 889 1628 emolumenta

158 1669 160 1674 ’
202 1666 306 1722 petere.
331 1651 467 1727 cogitaret
484 1649 607 1724 plebem,
625 1672 681 1726 quae
705 1651 890 1727 togd'enites-

206 1749 279 1788 cerer
294 1755 304 1787 .·
317 1731 434 1790 sublatis
444 1732 594 1811 studiorum
607 1732 725 1806 pretiis,
740 1732 824 1790 etiam
830 1733 888 1812 slu-

210 1811 259 1870 dia
274 1813 406 1884 peritura.
432 1813 474 1872 Ut
499 1810 591 1871 mimis
615 1811 715 1871 decora
739 1809 821 1882 haec,
846 1815 890 1874 ita

207 1887 286 1950 haud
309 1891 407 1952 frustra
426 1892 500 1952 diets
522 1894 648 1972 princeps
663 1912 754 1963 ratus,
774 1895 891 1973 capien-

209 1971 253 2031 dis
267 1975 391 2051 pecuniis
406 1977 499 2054 posuit
514 1974 648 2045 modum,
661 1996 746 2055 usque
762 1974 798 2034 ad
815 1974 891 2036 dena

208 2051 358 2128 sestertia,
380 2077 465 2138 quem
487 2057 589 2138 egressi
609 2055 825 2136 repetundarum
845 2075 892 2116 te-

177 2179 181 2200 .-
207 2156 347 2200 nerentur.
879 2171 883 2178 ·

252 2217 335 2278 VIII.
366 2219 425 2279 Sub
452 2218 528 2279 idem
551 2237 660 2298 tempus
685 2217 891 2294 Mithridates,

206 2320 297 2380 quem
328 2301 498 2377 imperitasse
531 2300 691 2372 Armeniis,
713 2310 739 2360 &
766 2301 802 2360 ad
825 2323 894 2380 prae-

209 2383 331 2441 seutiam
352 2381 470 2441 Caesaris
483 2383 612 2442 vitilium
630 2383 806 2452 memoravi,
824 2403 893 2442 mo-

211 2482 296 2522 nente
335 2461 484 2534 Claudio,
518 2464 548 2522 in
577 2484 695 2546 regnum
730 2466 893 2536 remeavit,

212 2541 278 2603 fisus
302 2539 498 2604 Pharasmanis
530 2546 639 2624 opibus.
665 2546 760 2605 Ister
783 2545 894 2626 IberIs,

212 2623 344 2706 idemque
361 2623 537 2685 Mithridatis
558 2624 658 2696 frater,
671 2626 821 2685 nuntiabat
832 2628 894 2686 dis-

212 2710 321 2766 cordare
340 2706 461 2767 Parthos
481 2730 658 2783 :summaque
676 2708 789 2782 imperii
805 2708 894 2766 ambi-

210 2809 265 2870 gua
273 2835 288 2864 ,
306 2789 412 2850 minora
429 2791 491 2860 sine
511 2811 576 2853 cura
591 2787 695 2880 huleri
718 2788 797 2853 Nam
821 2788 896 2858 inter
