2000 3684
225 332 766 424 Garmaurm3m

91 450 246 524 differant3
274 476 336 536 quae
365 455 494 514 nationes
516 475 531 514 e
554 453 709 516 Germania
737 457 769 533 in

92 536 205 598 Gallias
221 537 485 618 commigraverint,
503 535 659 614 expediam.

38 627 46 636 ‘
132 617 323 694 XXVIII.
344 617 505 677 Validiores
525 617 596 676 olim
620 617 769 678 Gallorum

90 717 135 762 res
156 697 241 778 fuisse
260 719 387 758 summus
410 701 557 758 auctorum
578 697 658 758 divus
681 699 771 760 Julius

90 778 178 840 tradit
198 803 206 836 ε
226 775 317 859 cbque
338 779 470 838 credibile
488 775 545 850 est,
565 781 651 839 etiam
670 779 770 840 Gallos

89 859 122 918 in
150 859 337 920 Germaniam
368 879 560 943 transgressos.
593 861 771 938 Quantulum

91 941 171 1000 enim
186 943 279 1001 amnis
293 939 445 1012 obstabat,
461 941 630 1022 quominus,
649 960 680 1002 ut
695 963 772 1021 qua-

89 1041 147 1102 que
171 1042 241 1103 gens
265 1023 425 1093 evaluerat,
452 1040 601 1100 occuparet
623 1041 769 1103 permuta-

88 1122 188 1183 retque
213 1101 291 1162 sedes
314 1105 486 1184 promiscuas
510 1099 623 1175 adbuc,
643 1112 671 1164 &
692 1101 772 1164 nulli

88 1203 244 1264 regnorum
272 1181 399 1264 potentii
420 1185 550 1244 divisas?
580 1184 671 1267 Igitur
699 1185 771 1244 inter

87 1262 266 1345 Hercyniam
286 1265 408 1336 silvam,
429 1261 617 1346 Rhenumque
637 1275 666 1326 &
685 1265 769 1325 Mm-

88 1367 161 1406 num
196 1367 295 1406 amnes
331 1339 481 1416 Helvetii,
518 1345 647 1406 ulteriora
680 1346 769 1420 Boii,

89 1424 207 1486 Gallica
224 1446 340 1509 utraque
359 1449 445 1511 gens,
462 1447 582 1487 tenuere.
599 1429 701 1488 Manet
721 1429 771 1488 ad-

88 1504 148 1571 huc
160 1503 274 1568 Boicmi
291 1531 415 1580 nomen,
430 1505 626 1591 significatque
646 1509 705 1568 loci
718 1529 770 1570 te·

91 1604 182 1648 terem
196 1592 399 1661 memoriam,
421 1591 552 1670 quamvis
568 1591 682 1649 mutatis
704 1592 768 1650 cul-

89 1670 208 1730 toribus.
224 1666 281 1732 Sed
296 1691 389 1732 utrum
403 1671 532 1731 Aravisci
547 1672 577 1728 in
590 1671 769 1732 Pannoniam

88 1750 130 1810 ab
142 1751 228 1822 Osis,
240 1753 449 1814 Germanorum
465 1753 580 1812 natione
592 1797 601 1823 ,
614 1775 650 1812 an
666 1751 720 1812 Osi
731 1753 769 1814 ab

88 1830 232 1894 Araviscis
248 1830 279 1893 in
296 1829 482 1895 Germaniam
502 1835 769 1918 commigraverint,

89 1935 181 1995 quum
204 1914 305 1974 eodem
328 1909 421 1976 adbuc
447 1935 593 1988 sermone,
616 1913 768 1988 institutis,

61 2000 71 2012 “
88 1996 218 2055 moribus
235 2015 369 2068 umnnrr,
391 1995 528 2058 incertum
543 1995 582 2056 est
600 2021 607 2056 t
626 2000 694 2079 quia
708 2001 769 2077 pari

64 2124 76 2130 -
89 2077 163 2136 olim
181 2076 279 2158 inopiis
294 2101 329 2138 ac
347 2079 494 2149 libertate,
509 2079 607 2137 eadem
628 2080 769 2159 utriusque

88 2160 157 2236 ripa
173 2158 249 2220 bona
267 2161 399 2241 malaque
419 2178 506 2220 erant.
521 2157 637 2218 Treveri
654 2168 681 2220 ὃ(
693 2160 768 2218 Ner-

90 2240 132 2299 vii
146 2241 218 2300 cirta
234 2237 444 2302 affectationem
457 2239 633 2300 Germanice
650 2241 770 2378 originis

18 2388 21 2392 ¹
90 2320 166 2378 ultro
189 2321 334 2382 ambitiosi
349 2341 440 2393 sunt,
461 2340 609 2401 tamquam
626 2341 675 2400 per
713 2343 767 2382 anc

90 2402 214 2484 gloriam
232 2403 397 2485 sanguinis,
409 2425 427 2462 a
442 2400 625 2462 similitudine
642 2411 668 2462 δι
683 2404 762 2462 iner-

89 2483 132 2544 tia
146 2482 295 2544 Gallorum
313 2502 478 2564 separentur.
498 2483 593 2564 Ipsam
609 2480 702 2568 RlJeni
721 2486 764 2544 ri-

87 2569 162 2644 pam'
179 2561 255 2624 haud
274 2564 359 2624 dubie
374 2565 581 2626 Germanorum
598 2565 694 2644 populi
712 2587 766 2623 co-

88 2645 173 2714 lunt,
186 2645 373 2728 Vangiones,
392 2645 534 2716 Triboci,
558 2645 701 2706 Nemetes.
721 2647 769 2706 Ne

88 2726 165 2788 Ubii
187 2727 325 2808 quidem,
348 2749 523 2809 quamquam
553 2728 685 2788 Romana
713 2749 766 2785 co«

87 2808 169 2870 louia
191 2829 247 2870 esse
266 2811 446 2880 meruerint,
471 2831 505 2870 ac
519 2806 650 2870 ilbentiris
668 2807 771 2889 Agrz'p·
