2000 3684
241 335 308 381 122
362 307 400 378 C.
428 308 581 378 corn.
611 277 812 377 TA'cirt

272 432 337 492 XL.
364 430 406 490 At
432 428 596 498 Tiridates,
630 427 737 507 pudore
765 435 793 488 δι
820 432 916 502 mem,

233 535 271 574 ne
288 515 311 573 si
328 512 508 570 concessisset
526 508 693 580 obsidioni,
716 505 791 570 nibil
808 513 871 590 opis
887 516 915 573 in

234 597 300 674 ipso
324 592 466 654 videretur
478 614 489 662 3
514 593 539 650 si
566 588 749 671 prohiberet,
775 593 915 672 impeditis

232 676 304 736 locis
322 695 406 756 seque
428 683 456 734 &
475 670 612 753 equestres
631 675 728 753 copias
751 674 887 757 inligaret
906 699 914 734 z

231 754 328 817 statuit
345 753 488 838 postremb
506 753 651 814 ostendere
672 757 780 826 aciem,
801 765 830 815 &
850 757 916 818 dato

233 838 281 898 die
297 839 427 920 proelium
446 838 587 915 incipere,
607 837 653 897 vel
672 837 856 898 simulatione
873 839 916 900 fu·

233 941 306 1003 gae,
331 921 427 979 locum
449 916 542 976 fraudi
568 939 674 997 parare.
695 918 786 1002 Igitur
806 939 917 1000 repente

233 998 917 1086 agmenRomanumcirctunfimdit,nonignaro

233 1083 305 1142 duce
333 1079 453 1152 nostro,
481 1081 531 1160 qui
555 1082 608 1138 viar
636 1083 738 1160 paritet
764 1089 792 1140 &
818 1104 917 1166 pugne

232 1180 432 1244 composuerat
474 1163 635 1222 exercitum.
677 1163 779 1221 Latere
820 1164 917 1224 dextro

232 1247 315 1305 tertia
334 1245 431 1327 legio,
447 1240 558 1302 siniiito
575 1262 651 1302 serta
671 1243 843 1317 incedebat,
858 1267 918 1306 me·

234 1326 290 1387 diis
315 1325 537 1385 decumanorum
557 1323 691 1384 ducetis:
713 1345 828 1406 recepta
848 1329 918 1388 inter

233 1407 347 1468 ordines
377 1405 608 1488 impedimenta,
638 1415 665 1466 &
697 1426 811 1490 tergum
843 1411 920 1469 mide

233 1491 343 1572 equites
371 1490 521 1549 tuebannu
550 1511 558 1544 z
588 1487 690 1568 quibus
717 1495 860 1568 jusserat,
890 1509 919 1550 ut

231 1571 395 1654 inflantibus
413 1571 536 1630 conanus
550 1571 720 1650 resisterent,
740 1572 855 1650 refugos
866 1595 919 1631 nott

233 1671 412 1731 sequeremur.
431 1652 469 1714 In
483 1651 614 1710 cornibus
626 1650 728 1730 pedes,
740 1655 917 1735 sagittarius,

233 1743 263 1794 &
281 1753 371 1792 cetera
392 1729 491 1792 marius
511 1733 639 1812 equitum
654 1732 734 1803 ibat,
754 1733 920 1812 productior

232 1835 323 1873 cornu
343 1816 376 1873 in
398 1809 508 1874 sinistro
533 1833 581 1892 per
602 1815 661 1872 ima
681 1816 797 1874 collium
810 1861 822 1885 ,
842 1836 873 1875 ut
897 1820 920 1877 si

232 1892 324 1954 bostis
338 1896 513 1964 intravisset,
531 1894 626 1954 fronte
640 1897 726 1954 simul
737 1905 764 1955 δι
782 1898 849 1956 sinu
865 1919 917 1958 ex-

201 1992 202 1995 ’
233 1977 379 2056 ciperente.
403 1975 552 2036 Adsultare
573 1998 607 2035 ex
624 1977 733 2038 diverso
755 1977 920 2051 Tiridates,

180 2060 194 2066 ”
234 2077 296 2118 non
315 2058 452 2139 usquead
467 2060 573 2135 jacium
593 2059 642 2118 reli
650 2103 666 2129 ,.
677 2058 728 2119 sed
742 2077 806 2120 tum
825 2064 918 2122 mini-

234 2158 318 2212 tans,
346 2158 408 2200 tum
435 2140 527 2220 specie
541 2139 740 2221 trepidantis,
759 2145 798 2202 ’si
824 2143 920 2204 laxare

236 2221 375 2294 ordines,
406 2227 435 2279 δι
469 2220 597 2281 diversos
624 2225 779 2284 conseerari
814 2243 920 2304 posset.

235 2305 299 2366 Ubi
319 2301 393 2362 nibil
420 2303 578 2362 temeritate
602 2305 745 2376 solutum,
769 2305 823 2364 ne'c
856 2327 921 2366 am·

236 2384 329 2465 plids,
357 2381 443 2464 quim
472 2383 586 2443 decurio
615 2387 742 2466 equitum
769 2386 921 2448 audentius

235 2485 417 2547 progressus,
443 2473 471 2524 δε
502 2467 622 2549 sagittis.
641 2465 921 2537 confixusnceteros

235 2547 273 2608 ad
291 2546 458 2628 obsequium
480 2549 612 2627 exemplo
638 2547 820 2620 firmaverat,
833 2571 920 2631 :pro-

235 2631 348 2710 pinquis
357 2634 415 2707 ja'm
429 2628 551 2688 tenebris
564 2629 704 2690 abscessit.

251 2745 257 2763 ι
276 2711 353 2770 XLI.
378 2711 416 2769 Et
435 2709 585 2781 Corbulo,
606 2709 692 2770 castra
711 2712 744 2772 in
767 2711 837 2771 loco
857 2735 922 2774 me-

233 2806 324 2867 tatus,
348 2813 386 2852 an
406 2792 541 2874 expeditis
561 2793 722 2877 legionibus
742 2797 830 2856 nobie
857 2801 921 2864 Ar-¹
