2000 3684
139 287 387 358 Auuarruu
411 287 496 356 Lea.
522 287 603 358 XV.
650 311 716 376 213

52 407 202 468 Thraseam
234 406 427 489 prohibitum,
455 410 577 468 immoto
601 411 725 482 animo,

54 493 232 572 praenuntiam
259 491 432 548 imminentis
462 490 543 549 caedis
574 511 724 550 contume-

55 573 116 630 liam
147 573 296 652 excepisse.
327 571 457 631 Secutam
487 570 589 630 dehinc
621 592 725 632 vocem

56 652 168 713 Caesaris
182 652 292 723 ferunt,
307 650 363 732 qui
375 653 577 710 reconciliatum
589 676 619 711 se
639 649 726 712 Tirrass

57 757 121 804 sea,
140 735 214 813 apud
232 733 369 793 Senecam
390 734 555 810 jabiaverie,
577 754 611 791 ac
639 733 727 793 Sene-

59 835 115 874 cam
132 815 238 876 Caesari
249 815 428 898 gratulatum.
437 814 526 875 Unde
541 814 633 896 gloria
643 835 726 898 egre-

59 899 107 978 giis
122 897 204 967 uiris,
224 895 388 975 &pericula
406 895 571 978 gliscebant.

95 977 203 1036 XXIV.
233 975 310 1035 Inter
337 997 428 1058 quae,
458 979 530 1035 veris
561 977 700 1056 principio
717 1022 730 1047 ,

60 1058 139 1140 legati
162 1054 331 1118 Parthorum
355 1056 489 1116 mandata
508 1059 580 1140 regis
598 1058 732 1140 Vologe-

61 1141 109 1209 sis,
128 1141 287 1219 litterasque
307 1141 335 1197 in
355 1137 485 1197 eamdem
507 1138 629 1198 formant
651 1151 741 1205 artu-ยน

63 1219 112 1278 lere
131 1243 138 1277 e
158 1220 196 1280 Se
213 1221 312 1296 priora
320 1267 332 1300 ,
357 1217 503 1288 &totiens
519 1223 630 1302 jatiata
653 1243 735 1296 super

63 1299 198 1362 obtinenda
219 1301 378 1371 Armenia,
408 1323 477 1360 nune
498 1303 644 1374 omittere,
667 1325 735 1380 quo-

66 1383 135 1440 niam
161 1385 233 1453 dti,'
256 1384 381 1460 quamtis
403 1385 554 1456 potentium
574 1385 735 1458 populorum

66 1464 175 1535 arbitri,
204 1464 408 1538 possessionem
430 1463 575 1533 Partitis,
599 1486 652 1522 non
674 1467 736 1528 sine

68 1545 212 1622 igreominia
238 1543 392 1614 Romana,
424 1547 611 1604 tradidissent.
641 1545 739 1620 Nuper

70 1627 182 1684 tlausum-
198 1625 336 1705 Tigranen
347 1649 360 1698 r
367 1627 427 1706 pisi
437 1627 542 1685 Parum
553 1625 737 1703 legionesque,

71 1729 142 1782 quum
151 1709 298 1783 opprimere
306 1724 418 1781 posset,
431 1708 577 1764 incolumes
585 1707 737 1767 dimisisse.

72 1787 142 1847 Satis
162 1787 336 1864 approbatam
351 1789 411 1848 vim
430 1811 439 1844 e
458 1791 550 1845 datum
571 1783 741 1850 &lenitatis

74 1871 284 1942 experimentum.
309 1869 369 1928 Nee
389 1887 569 1928 recusaturum
598 1869 742 1929 Tiridaten

76 1953 219 2024 arripiendo
238 1951 389 2009 diademati
408 1953 437 2008 irt
452 1951 541 2010 urbem
558 1952 669 2021 venire,
683 1952 743 2011 nt'si

76 2035 212 2106 sacerdotii
238 2033 368 2111 reiigione
393 2032 562 2090 attineretur.
584 2031 688 2091 iturum
708 2035 746 2098 ad

77 2113 150 2189 signa
170 2110 313 2193 &effigies
330 2113 486 2186 principis,
508 2113 575 2181 nbi,
594 2111 745 2192 legionibus

80 2213 179 2263 raram,
202 2215 312 2273 regnum
329 2194 523 2266 auspicaretur.

116 2274 209 2336 XXV.
231 2274 351 2333 Talibus
369 2274 522 2356 Vologesis
543 2273 660 2342 litteris,
680 2277 748 2356 quia

81 2353 162 2416 Perus
185 2357 312 2425 diversa,
337 2373 484 2436 tamquam
509 2355 590 2413 rebus
611 2357 748 2438 integris,

83 2438 229 2508 scribebat,
248 2439 433 2520 interrogatus
447 2437 595 2506 centurio,
614 2439 664 2517 qui
684 2456 749 2496 cunt

85 2518 177 2600 legatis
203 2518 372 2589 advenerat,
394 2539 444 2595 quo
471 2519 500 2576 in
518 2519 591 2598 flatu
616 2517 752 2585 Armenia

88 2604 176 2659 esset?
191 2621 286 2658 omnes
303 2601 365 2658 inde
379 2598 519 2658 Romanos
538 2601 685 2658 excessisse
698 2621 752 2659 reso

86 2683 185 2752 pordit.
201 2679 281 2740 Tuan
298 2679 440 2740 intellecto
453 2680 635 2739 barbarorum
649 2681 752 2752 inrisu,

90 2764 135 2842 qui
154 2780 298 2844 peterent,
320 2760 398 2845 quod
422 2762 594 2842 eripuerant,
617 2763 756 2848 consuluit
