2000 3684
248 240 316 379 3¹10
373 250 414 390 C¹
440 291 589 361 Conrt.
620 295 828 366 TAcrrt

244 408 389 472 sensimus.
404 410 467 470 Nec
482 410 573 472 defuit
585 411 717 473 audentia
732 415 830 476 Druso
845 417 924 478 Ger-

181 541 183 549 .
244 491 380 563 manico,
399 491 449 552 sed
466 489 574 553 obstitit
597 493 729 554 Oceanus
744 499 777 556 in
791 519 821 557 se
840 501 925 560 simul

243 592 328 654 arque
352 575 384 632 in
410 573 564 636 Herculem
595 576 707 658 inquiri.
733 578 809 638 Mox
836 601 924 642 nemo

227 657 393 715 -tentavitt
420 657 596 736 sanciiusque
619 679 652 716 ac
674 661 844 720 reverentius
874 665 922 722 vi-

241 757 303 798 sum
313 783 321 797 ,
333 737 368 794 de
383 739 451 796 aclis
461 736 579 796 deorum
593 737 716 810 credere,
735 738 823 821 qu‘am
840 745 919 804 scire.
991 783 992 786 =

281 816 409 880 XXXV.
426 817 572 885 Hactenus
590 821 621 879 in
638 819 827 880 Occidentem
849 824 922 886 Ger·

241 906 370 961 maniam
388 902 530 960 novimus.
549 901 583 960 In
606 902 844 981 Septemtrionem
872 907 919 965 in·

242 985 323 1066 genti
342 986 415 1042 flexu
431 982 512 1042 redit.
530 982 574 1043 Ac
592 981 684 1063 primd
701 981 796 1042 statim
820 982 921 1048 Chau-

241 1085 339 1124 corum
355 1086 440 1147 gcns,
457 1085 632 1146 quamquam
650 1065 767 1145 incipiat
778 1087 795 1124 a
807 1066 919 1142 Frisiis,

111 1216 115 1223 .
202 1193 204 1197 .
239 1166 274 1205 ac
293 1165 400 1227 partem
423 1146 525 1206 lictoris
538 1165 677 1226 occupet,
694 1148 828 1206 omnium
848 1169 918 1229 quas

170 1252 174 1259 ⁴
238 1229 355 1306 exposui
374 1229 502 1310 gentium
520 1227 654 1287 lateribus*
669 1227 848 1300 obtenditur,
865 1229 918 1290 do-

239 1311 291 1366 ne'c
305 1311 334 1367 in
350 1308 453 1369 Cattos
467 1330 553 1394 usque
565 1311 687 1369 sinuetur
705 1329 785 1380 :tam
795 1311 916 1374 immen-

238 1409 300 1448 sum
320 1409 454 1449 terrarum
471 1391 594 1470 spatium
613 1412 673 1450 non
690 1409 785 1450 tenent
805 1409 916 1455 tanturn

157 1472 159 1475 ’
239 1468 376 1543 Cliauci,
403 1470 452 1532 'sed
477 1473 645 1552 &implent
671 1472 822 1552 :populus
845 1475 915 1534 inter

238 1551 400 1613 Germanos
413 1553 620 1625 nobilissimus,
641 1554 745 1634 quique
764 1557 913 1637 magnitu-

236 1632 334 1694 dinem
348 1655 427 1696 suam
439 1635 521 1694 malit
535 1632 638 1714 justitiis
649 1637 738 1694 tueri:
758 1637 818 1694 sine
837 1639 915 1717 cupi·

236 1714 342 1789 ditate,
356 1718 415 1775 sine
435 1719 620 1796 impotentia,
636 1718 725 1797 quieti
742 1720 914 1800 secretique,

235 1796 313 1856 nulla
324 1814 491 1877 'provocant
507 1797 601 1870 bella,
622 1799 703 1858 nullis
721 1799 848 1878 raptibus
868 1819 914 1860 aut

234 1876 390 1938 latrociniis
416 1879 594 1959 populantur.
626 1878 715 1960 quue
741 1881 913 1960 p'raecipuum

233 1959 343 2018 virtutis
357 1981 390 2017 ac
408 1961 511 2020 virium
525 1979 722 2045 argumentum
742 1959 796 2032 est,
815 1960 912 2042 qubd,

233 2057 265 2098 ut
282 2042 432 2121 superiores
452 2062 563 2126 agant,
584 2065 643 2103 non
663 2063 711 2122 per
729 2043 844 2122 injurias
866 2045 914 2104 ad·

234 2140 394 2202 sequuntur.
413 2123 547 2206 Prompta
562 2145 659 2186 tamen
670 2125 804 2184 omnibus
818 2145 911 2198 arma,

234 2224 268 2262 ac
278 2249 286 2274 ,
298 2205 321 2262 si
332 2225 374 2264 tes
384 2225 497 2285 poscat,
508 2209 641 2266 exercitus
653 2230 660 2264 ι
672 2206 825 2286 plurimum
835 2209 912 2267 viro-

232 2305 295 2343 rum
309 2306 501 2370 equorumque
517 2311 524 2347 :
542 2298 569 2350 &
586 2287 791 2372 quiescentibus
811 2287 911 2350 eadem

231 2367 319 2430 fama,

256 2447 415 2523 XXXVI.
436 2449 471 2510 ln
488 2451 572 2511 latere
594 2447 778 2512 Chaucorum
796 2449 906 2514 Catto-

153 2526 155 2530 ’
232 2550 371 2612 rumque,
393 2528 532 2594 Cherusci
549 2534 672 2594 nimiam
686 2554 719 2592 ac
736 2553 908 2594 marcentem

232 2611 282 2671 diu
303 2633 403 2692 pacem
430 2614 581 2676 inlacessiti
609 2615 761 2675 nutrierunt
788 2638 795 2672 ε
824 2614 909 2694 idque

231 2688 378 2773 jucundius
397 2693 483 2776 quam
503 2693 586 2756 tutitls
597 2695 651 2756 fuit
663 2719 669 2754 :
682 2697 748 2776 quia
762 2697 835 2756 inter
847 2698 906 2754 im·

230 2784 415 2857 potentes&
438 2778 550 2842 validos
576 2775 651 2843 falso
680 2779 804 2860 quiescas
816 2800 827 2851 3
859 2776 908 2840 ubi
