2000 3684
64 1830 90 1912 'k

219 351 288 420 350
349 327 387 396 C.
414 327 565 395 Coun.
597 325 800 394 TActrt

215 447 323 508 nornine
337 449 494 507 amicorum
513 464 592 522 atque
605 441 752 524 hospitum
763 447 898 520 polluun-

215 546 269 586 tur.
284 529 367 587 Bono
372 529 553 606 fortunasque
568 528 600 584 in
617 526 746 584 tributum
764 547 879 606 egerunt
885 551 900 600 ,·

214 607 248 667 in
266 632 404 668 annonam
417 610 586 686 fiunenturn
612 632 622 664 :
645 630 757 682 corpora
778 610 846 682 ipsa
869 631 902 668 at

215 712 332 761 mantes,
358 692 443 750 siluis
468 709 502 747 at
527 687 676 763 paludibus
705 692 900 760 emuniendis,

215 771 327 832 verbera
335 771 409 830 inter
413 795 446 830 ac
453 772 646 840 contumelias,
655 789 807 829 conterruit.
820 773 902 832 Nata

215 854 349 912 servituti
361 853 499 925 mancipia
513 853 601 910 sernel
610 870 746 922 veneunt,
763 871 846 928 atque
857 854 902 910 ul-

217 952 263 992 tro
272 957 290 992 a
299 934 421 992 dominis
430 933 543 991 alamur
553 933 724 992 :Britannia
735 935 903 993 servitutem

217 1037 298 1072 suarn
321 1015 440 1092 quotidie
463 1013 546 1082 emit,
574 1014 697 1090 quotidie
719 1015 827 1088 poscit.
857 1014 905 1074 Ac

216 1096 291 1154 sicut
308 1096 340 1153 in
354 1096 471 1172 faenilia
489 1094 692 1153 recentissimus
710 1095 825 1173 quisque
845 1118 904 1155 ser-

216 1198 315 1238 vorum
328 1173 357 1235 {t
373 1177 516 1235 conservis
533 1176 651 1234 ludibrio
670 1176 726 1256 ‘sti
743 1176 787 1235 sic
801 1179 834 1235 in
853 1177 905 1236 hoc

217 1257 292 1316 orbis
304 1275 437 1316 terrarum
452 1275 543 1317 vetere
553 1257 694 1333 famulatu
714 1260 784 1318 noui
804 1281 857 1317 nos
876 1256 905 1318 ἃ

216 1339 293 1400 viles
308 1338 340 1396 in
349 1339 484 1397 excidium
490 1341 618 1412 petimur.
629 1339 725 1416 Neque
738 1339 817 1398 enim
834 1361 906 1400 arua

220 1419 300 1479 nobis
309 1457 321 1490 ,-
341 1438 389 1478 aut
405 1421 537 1489 metalla,
558 1437 606 1478 aut
620 1439 717 1494 portus
739 1439 828 1490 sunt,
850 1423 906 1498 qui-

219 1501 270 1560 bus
282 1504 435 1561 exercendis
453 1523 628 1560 reservemur.
656 1500 756 1561 Virtus
767 1523 854 1576 porro
873 1525 907 1563 ac

212 1583 323 1660 ferocia
342 1582 519 1662 subjetionon
537 1584 646 1660 ingrata
667 1583 867 1656 imperantibus
892 1607 906 1642 .·

222 1661 445 1742 &longinquitas
454 1687 487 1721 ac
496 1680 627 1722 secretum
634 1665 724 1737 ipsum
732 1666 786 1740 quo
798 1667 905 1735 tutius,

219 1745 254 1803 ed
266 1745 425 1818 suspectius.
437 1745 485 1802 lto
496 1745 607 1802 sublati
615 1767 664 1818 spe
675 1747 781 1816 uenite,
795 1749 906 1805 tondent

222 1826 322 1884 sumite
331 1827 541 1896 animurn‚tatn
550 1825 645 1902 quibus
654 1826 838 1903 salus‚qu‹'arn
847 1830 905 1903 qui·

222 1905 272 1963 bus
278 1906 575 1986 gloriacarissirnaefl.
593 1906 774 1966 Trinobantes
780 1955 793 1979 ,
793 1909 906 1985 femind

223 1989 304 2056 duce,
322 2009 431 2045 exurere
453 1987 604 2058 coloniam,
625 2011 778 2068 expugnare
798 1991 903 2070 casira,

224 2090 257 2126 ac
272 2069 330 2127 nisi
339 2069 467 2146 felicitas
483 2071 514 2126 in
530 2072 684 2128 socordiam
695 2072 845 2140 uertisset,
856 2093 905 2129 ex-

224 2171 301 2208 sucre
302 2173 402 2230 jugum
405 2168 516 2224 potuere
527 2174 537 2207 .·
547 2173 598 2209 nos
608 2153 708 2230 integri
718 2149 745 2210 ἃ
755 2152 905 2223 indomiti,

226 2229 255 2291 ἃ
272 2231 424 2291 libertatern
439 2254 493 2290 non
505 2231 535 2288 in
542 2235 689 2305 prasentia
699 2233 804 2302 loturi,
814 2234 906 2306 primo

220 2314 317 2393 statim
339 2335 481 2392 congressu
506 2334 560 2370 non
578 2315 742 2394 ostendamus
762 2335 828 2390 quos
850 2313 907 2372 sibi

230 2395 380 2453 Caledonia
399 2396 475 2454 uiros
491 2397 670 2467 seposuerit?

268 2474 396 2535 XXXII.
418 2473 467 2534 An
486 2479 606 2534 eamdem
627 2475 761 2534 Romanis
785 2477 815 2534 in
836 2474 905 2533 bello

228 2557 374 2628 virtutem,
400 2556 480 2633 quun
502 2559 532 2614 in
556 2579 623 2630 pace
642 2557 792 2617 lasciuiam
812 2559 905 2614 adesse

229 2641 340 2698 creditis
351 2644 368 2697 ἓ
381 2639 490 2718 Nostris
504 2639 551 2696 illi
570 2637 786 2697 dissensionibus
800 2659 832 2694 ac
850 2639 905 2695 dis-

230 2721 331 2778 cordiis
346 2722 433 2789 clari,
447 2721 521 2778 vitia
534 2719 646 2798 hostiurn
661 2721 691 2776 in
700 2718 818 2796 gloriam
829 2739 904 2776 exer-

232 2799 302 2860 citis
328 2804 375 2862 sui
394 2818 504 2868 uertunt
538 2825 549 2859 :
572 2821 648 2877 quem
676 2803 839 2862 contradunt
873 2819 906 2858 tx
