2000 3684
74 377 705 473 BREVIAR1UM

224 559 552 624 LIBRIXV.

64 657 276 788 Vononem
301 725 467 787 Parthorum
495 747 544 785 rex
566 723 732 787 Armeniam
790 802 796 810 Ι

59 831 178 902 inuadit,
197 854 275 910 quem
296 831 407 892 Corbulo
424 830 501 890 cauti
518 828 547 890 ἃ
566 825 656 889 tamen
666 830 730 908 for·

60 935 119 993 titer
134 936 269 1010 repressit.
292 933 350 995 Sed
369 923 523 996 casontius
536 933 629 993 Peon
643 935 732 992 missu

60 1035 170 1100 Neronis
185 1063 250 1100 mox
266 1043 441 1114 superuenit,
453 1041 581 1114 proprius'
589 1036 732 1099 Armenia

61 1145 152 1201 tuenda
171 1146 235 1202 dux.
256 1143 287 1204 Is
305 1144 443 1218 imper-itit
462 1140 490 1203 o
510 1145 661 1204 temeritate
675 1165 732 1203 rem

57 1248 167 1318 perdidit
189 1272 200 1306 .·
219 1249 296 1324 turpi
302 1320 304 1326 Α
306 1249 411 1327 foedere
429 1269 488 1306 tunt
505 1247 575 1330 herste
592 1251 730 1324 depauos.

66 1349 166 1408 Corbulo
182 1353 208 1410 ei
225 1369 318 1410 tamen
334 1353 383 1410 sed
397 1350 457 1436 serd
469 1352 610 1410 succurrit.
621 1351 733 1412 Neroni

58 1454 116 1530 filia
130 1478 162 1513 ex
177 1456 297 1532 Poppaa
316 1458 459 1526 nascitur,
480 1479 534 1514 non
554 1455 664 1516 vitalis.
678 1455 734 1512 Le-

62 1558 116 1634 gati
129 1559 293 1618 Parthorum
316 1559 432 1618 Romam
451 1581 565 1629 uertere,
583 1581 665 1632 super
675 1557 737 1616 Ar·

65 1663 146 1721 menia
158 1666 299 1742 retinentia
314 1687 324 1722 .·
338 1665 417 1722 inriti
429 1664 621 1732 remittuntur,
639 1658 666 1722 ἃ
681 1661 736 1722 bel·

66 1767 116 1824 lum
143 1769 288 1828 Corbuloni
311 1771 483 1843 permissum.
513 1767 544 1826 Is
572 1755 754 1826 Armeniam¹

67 1869 155 1929 iterum
171 1875 301 1942 invadit,
317 1869 426 1932 &metu
440 1862 557 1930 Parthis
567 1873 684 1952 injello,
699 1873 738 1930 ad

56 1975 216 2052 tolloquium
233 1995 353 2038 uentum.
370 1976 488 2036 ¹Placuit
507 1999 585 2034 orma
601 1977 689 2050 poni,
707 1973 736 2036 ἃ

75 2076 212 2139 Tiridaten
226 2083 351 2144 diademo
363 2081 458 2162 statua
478 2081 600 2139 Neronis
615 2079 736 2138 suborit-

70 2197 136 2252 tere,
159 2207 206 2244 nec
228 2186 287 2244 nisi
306 2203 402 2259 sponte
421 2187 478 2265 ejus
499 2206 638 2245 resumere.
659 2185 739 2243 Nero

71 2283 181 2360 Neapoli
197 2307 292 2348 cantat
308 2291 338 2350 in
353 2289 461 2365 publico
480 2314 490 2348 .·
508 2289 601 2348 Roma
618 2291 684 2347 luxu
710 2285 739 2348 ἃ·

71 2387 174 2451 libidine
187 2394 282 2452 omnia
294 2393 405 2467 polluit.
417 2395 484 2468 Ipso
493 2393 555 2453 urbs
566 2398 642 2454 ardet
652 2415 718 2454 casu
725 2439 739 2465 ,

73 2494 126 2554 siue
136 2499 273 2572 principis
295 2499 357 2556 dolo
375 2522 385 2555 .·
404 2501 450 2576 qui
466 2501 496 2557 in
515 2499 603 2557 ruinis
618 2501 676 2578 ejus
693 2501 739 2558 in·

70 2617 166 2673 gentem
183 2601 241 2660 sibi
260 2604 366 2660 domurn
382 2603 522 2682 exstruxit.
547 2601 693 2684 Cltn'stiani
707 2601 742 2660 ab

73 2723 100 2760 eo
115 2707 249 2784 exagitati
265 2703 292 2766 ἃ
307 2708 413 2779 necati,
421 2706 500 2786 fctlso
518 2707 630 2768 crimine
646 2706 751 2768 ituen-v

117 2808 189 2870 Torn.
213 2811 256 2872 ΙΙ.
603 2812 618 2872 I
