2000 3684
215 335 291 400 πό
350 327 390 396 C.
419 327 569 396 cortu.
600 327 802 394 Taetrr

218 469 280 508 rtem
298 448 384 506 alium
399 447 544 515 delendum,
558 446 605 522 qui
615 447 742 507 sevienti
757 449 912 521 inpudice

215 551 311 592 votem
319 529 470 602 preberet?
488 527 647 588 Puniendos
666 549 753 586 rerum
765 533 911 590 atrocium

217 611 372 690 mistros,
390 609 437 667 ubi
450 609 543 683 pretia
555 610 685 668 sceletum
703 611 815 682 adepti,
839 633 911 671 ,ταν

217 693 277 750 Icta
290 692 353 765 ipsa
363 692 432 750 aliis
444 691 574 768 delegem.
593 691 684 772 Igitur
699 689 829 770 adempta
852 692 911 752 bo·

210 793 322 836 uorum
339 792 417 851 parte
432 777 523 842 (nam
537 768 597 830 filio
616 781 643 832 &
656 773 733 852 nepti
747 791 808 850 pars
818 793 909 834 con·
937 777 938 781 ’

216 853 394 925 cedebatur,
426 852 677 934 eximebanturque
713 854 798 912 etiam
834 875 910 934 qux

220 933 389 995 testamento
407 936 525 1003 matris,
544 954 592 993 aut
606 954 675 994 avrae
693 940 848 1013 ceperant)
876 939 909 997 in

220 1018 325 1077 insulas
341 1016 468 1077 Baleares
481 1016 593 1096 pellitur
611 1039 617 1071 t
640 1017 742 1074 nonin
757 1017 816 1096 ipso
833 1015 908 1076 dis·

218 1099 362 1168 crimine,
388 1119 448 1156 non
477 1094 539 1176 post
563 1097 774 1158 damnationem
795 1095 912 1160 stadius

219 1182 330 1240 animo.
356 1179 587 1259 ferebaturque,
620 1175 735 1258 copiosi
759 1187 786 1238 &
815 1181 909 1241 molli

221 1259 282 1321 vird
315 1278 451 1324 secretum
485 1260 556 1320 illud
593 1260 761 1320 toleravisse.
793 1259 907 1320 filium

221 1347 282 1422 ejus
318 1341 489 1402 Nerulinum
527 1341 662 1425 adgressis
694 1341 909 1404 accusatoribus

223 1442 272 1505 per
291 1423 430 1483 invidiam
450 1423 560 1505 patris,
580 1432 607 1482 δι
631 1424 749 1486 crimina
769 1439 908 1502 repetun-

223 1505 351 1577 darum,
386 1507 539 1564 intercessit
570 1506 726 1586 princeps,
752 1522 906 1586 tamquam

219 1591 289 1647 satis
304 1588 412 1666 expleta
426 1589 542 1647 ultione.

264 1670 375 1729 XLIV.
396 1669 448 1728 Per
466 1668 543 1728 idem
564 1685 673 1748 tempus
696 1667 832 1730 Ostavius
853 1669 908 1730 Sa·

209 1752 316 1834 gitta,
339 1750 430 1830 plebei
458 1750 605 1821 tribunus,
628 1751 758 1819 Pontiu,
778 1750 906 1812 mulieris

224 1850 340 1910 nuptae,
363 1850 461 1890 amore
486 1853 606 1902 vecors,
632 1831 802 1914 ingentibus!
819 1831 907 1894 donis

222 1913 412 1983 adulterium,
434 1921 461 1972 &
476 1933 545 1972 mox
562 1933 592 1972 ut
609 1915 751 1972 omitteret
769 1915 905 1974 maritum

223 2011 399 2064 emereatur,
427 2015 508 2054 suum
542 1997 754 2056 matrimonium
782 1999 906 2075 promit-

207 2093 307 2145 .tens,
321 2095 353 2134 ac
370 2078 481 2152 nuptias
497 2081 555 2155 ejus
575 2081 679 2158 padlus.
701 2077 757 2137 Sed
774 2077 824 2136 ubi
842 2100 905 2138 mu

222 2157 276 2216 lier
293 2177 382 2218 vacua
403 2157 477 2228 fuit,
497 2162 606 2218 neuere
625 2179 740 2230 moras,
758 2162 905 2220 adversam

220 2239 314 2314 patris
338 2241 507 2301 voluntatem
529 2242 651 2310 causari,
672 2259 835 2322 repertaque
857 2263 904 2323 spe

224 2320 333 2380 ditioris
354 2323 504 2404 conjugis,
529 2323 664 2422 promissa
687 2343 809 2382 exsuere.
837 2323 902 2383 Oc·

181 2461 184 2467 ,
225 2403 315 2460 tatius
336 2401 432 2461 contr‘a
453 2403 542 2464 modo
561 2405 715 2486 conqueri,
737 2402 830 2464 modd
850 2407 905 2464 mi-

223 2485 326 2552 nitari,
339 2483 448 2560 famam
456 2482 594 2559 perditam
605 2534 616 2556 ,
627 2486 772 2560 pecuniam
784 2487 903 2546 exhaus-

218 2583 282 2622 tam
295 2563 435 2625 obtestans
449 2591 457 2625 z
472 2566 593 2648 denique
612 2568 745 2638 salutent,
767 2589 831 2649 quae
845 2571 903 2628 sola

225 2645 333 2726 reliqua
354 2667 440 2719 esset,
463 2648 578 2708 arbitrio
598 2654 655 2727 ejus
674 2650 845 2728 permittens.
862 2652 903 2710 At
989 2645 996 2705 'f

225 2725 376 2806 postquam
410 2730 609 2808 spernebatur,
636 2737 737 2790 nofltm
765 2753 849 2790 unam
871 2735 907 2792 ad

225 2809 357 2870 solarium
376 2811 485 2890 poscit,
505 2815 558 2890 qud
580 2813 710 2874 delinitus
719 2857 731 2884 ,
745 2816 856 2872 modttm
876 2815 905 2872 in
993 2883 994 2899 χ
