2000 3684
167 395 172 410 „
208 331 276 395 ¹04
327 308 366 376 C.
394 308 548 380 eoru.
580 307 783 404 ΤΑςιΤι

205 447 406 511 quentaretut,
433 445 542 508 separat
573 425 714 498 domum,
742 445 884 486 matrem·

205 531 260 593 que
282 507 411 568 transfert
433 509 463 566 in
482 529 562 579 eam,
577 528 638 588 quae
661 507 793 566 Antoniae
815 506 881 567 fue·

195 609 249 650 irat
267 613 273 646 ι
292 591 422 672 quotiens
440 591 498 669 ipse
519 587 586 646 illuc
603 590 770 658 ventitaret,
791 608 883 668 septus

205 669 291 730 turbt,
305 672 521 742 centurionum,
538 678 566 730 &
581 666 643 750 post
656 668 739 730 breve
754 671 884 732 osculum

206 751 373 812 dimediens.

237 802 331 894 ‘issiu
346 830 431 892 Nihil
441 853 532 892 rerum
544 831 708 890 mortalium
722 848 782 889 tam
793 829 884 892 insta-

207 913 266 975 bsse
286 935 318 973 ac
336 917 442 974 fluxum
464 911 521 983 est,
541 910 627 993 quim
642 909 720 970 fama
735 914 885 990 potentias,

208 1019 268 1056 non
286 993 335 1056 sui
356 998 387 1055 vi
403 997 483 1056 nixae.
503 993 605 1054 Statim
623 993 750 1052 relictum
773 991 884 1131 Αὲῑίρ-

208 1079 282 1160 pinae
307 1077 403 1136 limen.
431 1075 528 1136 Nemo
550 1074 653 1144 solari,
673 1093 760 1132 nemo
784 1095 801 1132 a
824 1075 886 1148 ire,

210 1176 306 1236 praeter
326 1178 427 1237 paucas
455 1155 598 1230 feminas,
622 1174 718 1214 amore
738 1176 775 1215 an
794 1153 886 1228 odio,

211 1239 357 1301 incertum.
382 1239 427 1296 Ex
455 1237 557 1320 quibus
580 1255 637 1296 erat
658 1235 743 1296 Junia
763 1235 886 1308 Silana,

211 1340 301 1400 quam
311 1321 495 1381 matrimonio
510 1317 546 1380 C.
559 1318 648 1378 Siliia
661 1316 827 1376 Messauina
842 1315 889 1376 de·

211 1400 347 1480 pulsam,
374 1397 455 1479 sopri
481 1400 581 1468 retuli,
613 1397 730 1479 insignis
783 1419 890 1470 encre,

208 1478 325 1560 sormi,
356 1479 490 1551 lasciviis,
518 1489 544 1542 &
569 1479 731 1562 Agrippinae
758 1418 807 1538 §iu
832 1501 892 1560 pet-

213 1584 277 1622 cara
293 1586 299 1619 :
316 1583 384 1621 mox
397 1563 513 1620 occultis
525 1561 595 1619 inter
607 1580 652 1640 eos
667 1555 892 1632 offensionibus,

214 1645 281 1725 quia
304 1645 430 1706 Sextium
452 1642 637 1714 Africanum,
661 1640 788 1700 nobilem
809 1646 892 1720 juve.-

214 1745 302 1795 nem,
323 1747 340 1786 a
362 1726 464 1805 nuptiis
485 1723 586 1784 Silanae
602 1723 767 1782 deterruerat
789 1721 817 1781 A
838 1725 893 1802 rip·

213 1807 300 1886 pina,
320 1806 481 1878 impudicam
502 1801 692 1884 &vergentem
710 1803 792 1862 annis
830 1805 893 1862 icti-

215 1906 302 1954 tans3
322 1907 381 1944 non
401 1905 432 1943 ut
457 1883 625 1948 Africanum
648 1883 701 1946 sibi
725 1883 870 1964 seporieret
880 1929 895 1956 ,

215 1965 264 2025 sed
284 1985 319 2028 ne
340 1965 440 2046 opibus
461 1974 487 2026 &
512 1965 630 2028 orbitate
651 1965 751 2026 Silana:
776 1968 894 2026 maritus

215 2047 361 2128 potiretur.
379 2046 450 2116 Illa,
474 2068 520 2125 spe
545 2047 658 2107 ultionis
678 2044 791 2117 oblati,
813 2067 896 2126 parat

215 2146 390 2189 accusatores
411 2148 445 2194 ex
465 2127 611 2188 clientibus
636 2129 706 2197 suis,
724 2127 844 2190 Iturium
864 2137 894 2188 &

215 2207 378 2270 Calvisium
392 2255 405 2277 ,
432 2222 491 2269 ¹non
514 2228 626 2280 vetera,
656 2217 685 2268 8(
710 2209 807 2287 saepius
833 2214 895 2288 jam

218 2290 315 2351 audita
336 2288 482 2362 deferens,
500 2291 573 2368 quod
597 2289 757 2366 Britannici
780 2309 895 2350 mortem

218 2375 341 2450 lugeret,
362 2390 411 2432 aur
439 2371 563 2433 Ollaria
589 2371 707 2430 in‘urias
728 2371 869 2448 evulgaret
880 2392 898 2444 ;

220 2452 268 2511 sed
286 2453 463 2533 destinavisse
482 2475 541 2515 eam
560 2395 715 2510 Reclellium
736 2451 897 2522 Plautum,

209 2554 267 2608 „oet
275 2551 422 2592 maternam
432 2535 579 2614 originem,
587 2527 652 2608 irari
663 2555 694 2591 ac
707 2529 783 2592 Nero
789 2535 899 2610 gradu,

168 2623 177 2642 ⁶
219 2636 237 2672 α
257 2614 323 2672 divo
343 2611 488 2696 Augusto,
509 2619 546 2674 ad
564 2636 605 2674 res
629 2636 717 2674 novas
740 2613 902 2688 extollere,-

220 2695 390 2774 conjugioque
417 2697 476 2776 ejus
505 2696 589 2754 eriam
614 2696 750 2768 imperio,
774 2691 899 2769 rempub.

221 2796 312 2835 rursus
331 2777 460 2839 invadere
483 2774 570 2840 :haec
588 2775 688 2840 Iturius
707 2773 904 2838 &Calvisius
