2000 3684
229 371 298 437 230
357 349 394 417 C.
424 349 565 418 Corn,
598 353 787 420 TAcrrt

182 467 186 476 “
268 469 377 530 XLVI.
401 469 453 528 Per
479 469 557 530 idern
582 489 693 553 ternpus
715 473 891 556 gladiatores
902 490 914 550 ,’

229 551 304 632 apud
325 551 463 632 oppidum
486 553 639 626 Praeneste‚
660 554 770 614 tentati
788 562 913 637 eruptio·

229 657 285 706 ne,
304 633 435 715 prasidio
457 636 578 707 militis,
599 639 650 717 qui
671 636 762 698 eustos
781 640 911 714 adesset,
998 700 999 703 ,

230 719 345 778 coerciti
362 736 426 777 sunt
448 739 455 774 ε
476 722 535 795 jam
556 716 742 793 Spartacum,
765 718 794 780 ἃ
817 742 912 783 vetem

229 805 304 862 mala
332 799 490 860 rumoribus
519 797 625 861 fetente
652 803 786 882 populo,
817 824 853 863 ιιι
877 804 913 864 est
998 812 999 815 ’

226 903 366 945 novatum
382 903 472 941 rerum
491 885 622 961 cupiens,
642 883 829 965 pavidusque.
852 887 913 946 Ner

230 964 323 1026 multo
346 962 408 1042 post
440 963 532 1023 clades
555 967 596 1023 rei
620 967 728 1026 navalis
750 968 912 1046 accipitur,

230 1069 289 1108 non
306 1047 381 1105 bello
396 1048 522 1126 (quippe
534 1043 609 1106 haud
622 1045 690 1106 alias
703 1065 766 1107 tam
786 1049 914 1112 immota
929 1090 937 1095 -

228 1151 285 1211 pax
303 1137 315 1204 )
333 1128 381 1188 sed
401 1145 505 1187 certum
524 1127 560 1188 ad
578 1127 656 1188 diem
678 1129 708 1187 in
733 1133 914 1205 Canrpaniam

228 1215 315 1271 redire
331 1213 446 1269 classem
462 1209 541 1268 Nero
555 1216 691 1290 jusserat,
710 1233 771 1271 non
788 1217 913 1293 exceptis

206 1293 315 1353 “maris
334 1292 450 1352 casibus.
472 1292 552 1374 Ergo
570 1293 786 1374 gubernatores,
802 1316 911 1374 quam-

227 1376 271 1435 vis
293 1376 420 1434 saeviente
445 1375 571 1456 pelago,
594 1396 610 1434 a
632 1373 754 1433 Formiis
775 1377 911 1449 movere,

230 1458 355 1538 &gravi
374 1453 495 1525 Africo,
516 1454 584 1513 dum
603 1457 833 1535 promontorium
854 1459 913 1518 Mi-

227 1536 290 1598 seni
305 1557 430 1616 superare
456 1536 648 1608 contendunt,
668 1536 812 1598 Cumanis
831 1540 912 1600 litto-

227 1621 306 1680 ribus
327 1620 463 1700 impasti,
492 1620 648 1677 triremium
682 1619 855 1700 plerasque,
885 1630 912 1682 ει

227 1704 341 1770 minora
364 1702 479 1782 navigia
498 1702 602 1779 possim
623 1702 785 1760 amiserunt.

171 1847 173 1852 ,
228 1791 231 1802 ’
271 1783 394 1843 XLVII.
417 1783 487 1840 Fine
509 1781 578 1840 anni
602 1783 756 1866 vulgantur
778 1782 911 1868 prodigit

228 1866 441 1925 imminentium
455 1863 596 1932 malorum
611 1866 721 1923 nuncia.
738 1865 794 1923 Vis
809 1863 909 1948 fulgu-

229 1963 291 2006 rum
309 1967 369 2004 non
386 1943 454 2003 aliis
473 1944 615 2014 crebrior,
631 1955 658 2005 &
674 1945 749 2005 sidus
767 1965 909 2020 cometes,

228 2027 365 2110 sanguine
394 2023 500 2084 inlustri
529 2046 639 2106 semper
671 2027 783 2086 Neroni
816 2033 910 2108 expia·

228 2127 299 2169 tum.
315 2109 446 2188 Bicipites
463 2105 614 2167 hominum
631 2109 788 2168 aliorumve
801 2113 911 2171 anima-

229 2191 299 2250 lium
329 2207 421 2270 pattus
445 2189 548 2267 abjecti
568 2191 598 2249 in
621 2191 784 2268 publicum,
811 2211 862 2251 aut
879 2195 909 2252 in

218 2270 389 2343 -sacriiiciis‚
407 2271 510 2354 quibus
530 2269 661 2355 gravidas
683 2269 787 2332 hostias
807 2275 911 2332 innno-

229 2356 287 2415 iate
308 2375 369 2414 mos
388 2352 444 2423 est,
462 2355 570 2432 reperti
593 2353 684 2413 Etin
705 2375 776 2452 agro
795 2354 910 2422 Placen-

230 2439 311 2508 tino,
331 2439 412 2495 vinnr
437 2455 572 2514 propter,
601 2454 682 2494 natus
707 2438 834 2508 vitulus,
864 2440 910 2496 cui

230 2537 314 2598 caput
332 2519 363 2576 in
393 2537 468 2576 crure
491 2515 749 2600 esset'Seeotaque
774 2515 909 2598 haruspi-

230 2619 296 2659 tum
315 2600 505 2679 interpretatio
530 2622 536 2656 :
552 2599 651 2672 parari
669 2621 757 2659 remm
776 2600 910 2659 humana·

231 2699 290 2740 nem
308 2682 387 2740 aliud
404 2699 483 2754 caput
504 2704 515 2738 .·
538 2680 659 2739 sednon
672 2681 736 2759 fhre
759 2683 909 2752 validm,

231 2781 313 2838 neque
337 2764 467 2820 occultum
474 2785 489 2833 ,·
509 2761 575 2838 quia
593 2761 624 2818 itt
640 2763 716 2822 utero
733 2785 909 2838 repressum,

230 2860 280 2903 out
300 2844 355 2902 iter
362 2844 451 2924 juxta
467 2845 568 2905 editum
584 2843 635 2903 sr't.
