2000 3684
159 209 394 323 Auernum
415 254 501 323 ω.
526 251 628 325 XIV.
657 261 726 343 167

77 370 208 434 ululatibus
223 371 382 445 theatrum,
399 376 546 456 visamque
562 375 683 455 speciem
696 377 727 436 in

77 450 183 514 aesturrio
205 453 330 516 Tamesae
351 455 486 516 subeersae
508 456 644 527 colooi23
667 461 728 534 jans

78 533 209 596 Oceanum
245 556 357 598 cruento
394 536 549 618 adspestu3
586 537 730 598 dilabente

76 613 150 687 aestu,
172 615 356 678 humanorum
382 639 531 700 corporum
554 618 658 702 effigies
678 639 728 678 re-

76 696 159 770 lidas,
178 719 207 760 ut
221 699 348 760 Britanni
364 699 402 760 ad
423 721 524 780 spem,
547 701 587 760 ita
606 699 730 762 veterani

77 777 215 840 edmerum
226 779 382 842 trahebant
400 781 456 843 Sed
468 783 536 863 quia
550 801 582 861 pr
618 781 647 840 ul
662 781 734 842 Sue-

79 862 157 922 tonius
181 863 295 936 abernt,
320 865 442 944 petivere
464 885 482 922 a
503 861 581 924 Cato
663 863 733 924 iano

79 960 234 1021 procuratore
263 946 411 1006 auxilium.
442 943 494 1002 Ille
519 940 595 1004 haud
614 941 736 1022 amplids

80 1020 151 1102 quim
176 1025 324 1098 ducentos,
343 1028 403 1086 sine
420 1022 498 1104 justis
521 1027 606 1086 armis
625 1024 705 1086 misit
724 1045 734 1082 t

81 1107 198 1167 &inerat
218 1108 333 1170 modica
354 1107 478 1166 militum
499 1126 608 1168 manus.
631 1103 736 1166 Turelb

81 1187 163 1267 templi
183 1187 266 1262 freti,
295 1199 324 1250 δι
348 1186 587 1268 impedientibus,
611 1190 661 1270 qui
686 1207 735 1246 oe-

81 1268 137 1327 eulri
144 1269 296 1332 rebellionis
305 1272 428 1340 conscii,
436 1271 553 1330 consilia
564 1269 716 1330 turbabant
722 1313 738 1340 ,

81 1369 156 1431 neque
184 1351 288 1414 fossam
316 1372 364 1412 aut
391 1351 499 1414 vellum
525 1351 737 1430 preduxerunt,

82 1451 156 1512 neque
178 1437 260 1496 motis
277 1434 392 1496 senibus
410 1443 439 1493 δι
456 1431 590 1504 feminis,
609 1435 740 1509 juventus

83 1513 132 1572 sola
154 1514 246 1576 restitit
269 1539 278 1572 t
302 1518 382 1596 quasi
404 1513 498 1574 media
523 1533 591 1593 pace
610 1512 740 1584 inmoti,

83 1595 240 1659 multitudine
268 1597 455 1658 barbarorum
475 1593 739 1654 circumveniuntur.

84 1673 115 1733 Et
140 1698 221 1740 cetera
252 1677 371 1762 quidem
395 1679 504 1758 impetu
532 1675 664 1756 direpta,
693 1692 742 1734 aut

84 1756 179 1820 incenso
194 1781 255 1824 sunt
276 1785 283 1818 ε
311 1760 467 1839 templum,
483 1760 514 1817 in
534 1779 592 1838 quo
611 1777 640 1816 se
660 1755 743 1818 miles

86 1842 315 1924 conglobaverat,
339 1839 427 1900 biduo
456 1839 600 1900 obsessum
611 1881 623 1908 ,
650 1858 741 1916 expu-

86 1939 248 2007 gnatamque.
276 1923 318 1984 Et
338 1923 429 1982 vidior
452 1921 621 1992 Britannus,
639 1919 744 1980 Petilio

87 2001 193 2076 Ceriali,
204 2007 301 2092 legato
312 2004 432 2086 legionis
441 2024 537 2074 nonae,
546 2003 577 2062 in
587 2000 745 2062 subsidium

87 2084 232 2148 adventanti
254 2087 380 2156 obvius,
408 2084 482 2144 fudit
508 2085 533 2144 le
554 2085 671 2154 ionem,
692 2090 719 2142 δι
732 2125 746 2150 ,

87 2167 152 2245 qnod
172 2170 325 2249 peditum,
354 2165 503 2226 interfecit.
517 2104 654 2225 ¹{erulis
681 2181 749 2224 eum

88 2251 212 2328 equitibus
233 2250 323 2312 evasit
340 2249 371 2308 in
393 2244 501 2316 calita,
521 2253 548 2304 δι
566 2243 749 2302 munimentis

90 2327 203 2392 defensus
222 2331 273 2392 est.
294 2327 362 2408 Qui
382 2326 481 2398 clade,
498 2336 526 2386 δι
547 2324 621 2384 odiis
637 2325 765 2404 prorin·¹

91 2413 148 2483 cie,
165 2436 251 2495 quarn
269 2407 387 2472 avaritii
404 2411 434 2470 in
447 2408 553 2469 bellum
566 2425 661 2490 egerat
669 2449 679 2477 ,
693 2425 752 2469 rre·.

90 2490 160 2571 pidus
187 2514 331 2556 rocurator
343 2491 433 2554 Canus
447 2492 477 2550 in
490 2490 618 2552 Gallium
632 2489 750 2551 transiit.

122 2517 259 2638 rodun.
279 2575 319 2635 At
338 2573 486 2633 Suetonius
506 2567 578 2630 miri
596 2566 752 2632 constantii

92 2656 188 2718 medios
209 2661 283 2718 inter
303 2653 395 2716 hostes
418 2653 593 2713 Londinium
613 2652 751 2731 perrexit,

91 2757 274 2821 cognomento
291 2736 408 2821 quidem
421 2735 540 2798 colonie
553 2755 612 2796 non
624 2735 753 2818 insigne,
