2000 3684
156 335 406 410 ArtuArrtrrt
431 342 516 410 Ltn.
540 337 643 413 XIV.
697 365 763 433 ¹77

75 456 302 542 deportarentur.
330 459 365 520 Id
391 483 409 520 a
436 463 561 543 principe
587 461 764 544 prohibitum

77 539 139 613 est,
166 565 200 602 ne
218 565 280 602 rnos
305 545 454 619 antiquus,
478 565 555 621 quent
574 547 765 608 misericordia

76 642 139 682 nort
161 625 317 694 ntinuernt,
327 627 529 698 permitiunt
549 627 740 687 intenderetur.

120 702 263 765 XLVI.
291 706 452 778 Damnatus
473 706 575 765 iisdem
601 709 762 770 consulibua

75 781 248 880 Tarquitius
266 785 373 846 Priscus
396 787 632 867 repetundarum,
656 787 762 872 Bithy·

75 867 125 925 nis
147 867 404 960 interrogantibus,
428 889 536 951 magno
558 889 668 948 patrum
683 891 762 1012 qau-

75 946 152 1018 dio,
171 964 222 1029 qut
239 967 401 1009 accumtutn
419 950 505 1010 abeo
520 951 665 1012 Statilium
713 975 763 1014 au·

74 1048 164 1098 runt,
193 1031 387 1108 proconsulem
419 1032 531 1110 ipsius,
563 1035 764 1097 meminerant.

76 1109 194 1170 Census
208 1131 256 1189 per
269 1110 379 1185 Gallias
395 1133 412 1170 a
429 1112 469 1188 Q.
482 1112 622 1186 Volusio,
637 1124 665 1176 ει
683 1117 758 1177 Sex-

75 1193 122 1251 tio
143 1191 306 1264 Africano,
323 1192 524 1276 Trebellioque
547 1195 681 1256 Maximo
703 1197 762 1260 adi

74 1290 166 1343 sunt,
185 1275 292 1334 aemulis
311 1277 384 1333 inter
403 1293 458 1344 se,
484 1293 533 1355 per
558 1277 761 1352 nobilitatem,

74 1352 205 1414 Volusio
221 1373 306 1436 atque
320 1353 458 1415 Africano
473 1379 482 1453 t
497 1355 674 1419 Trebellium
691 1359 762 1422 dum

73 1435 646 1581 milliiidiiiaffffiiiiiiibrn
664 1523 760 1583 Mem-

73 1599 168 1658 mius
184 1598 335 1682 Regulus,
365 1601 552 1671 auctoritate,
582 1601 738 1663 constantii
745 1649 759 1676 ,

74 1677 179 1750 fami,
192 1682 224 1740 in
241 1699 396 1762 quantum,
413 1682 617 1761 prxumbrante
636 1685 676 1743 im
712 1705 760 1748 ra·

74 1763 146 1822 toris
163 1759 295 1844 fastigio,
316 1761 517 1832 dantr,clams
530 1786 536 1820 :
551 1762 624 1824 adeo
639 1785 670 1824 ut
710 1787 760 1826 eto

72 1863 152 1926 aeger
174 1843 358 1915 valetudine,
383 1843 611 1905 &adulantibus
632 1845 758 1921 citetim,

74 1927 126 2005 qui
138 1926 229 2006 finem
243 1927 356 2001 imperio
375 1927 470 1984 adesse
483 1925 634 1998 dicebant,
647 1931 677 1987 si
693 1933 762 2006 quid

67 2007 135 2084 fato
156 2023 318 2082 paterentr,
341 2006 535 2086 responderit,
558 2008 653 2068 labere
667 2011 758 2070 subsi-

72 2090 154 2148 dium
177 2087 294 2162 rentpubt
321 2087 501 2170 Rogantnns
527 2085 629 2148 dehinc
653 2091 683 2149 itt
706 2113 760 2170 quo

68 2170 255 2244 potissimum
266 2173 289 2228 i.
304 2168 450 2229 addiderat
461 2215 474 2239 ,
496 2170 527 2226 in
551 2169 687 2230 Memmio
706 2171 760 2232 Re·

72 2253 150 2328 gulo.
165 2251 251 2310 Vixit
265 2269 361 2312 tamen
370 2249 432 2331 post
439 2248 498 2309 haec
510 2249 653 2333 Regulus,
664 2255 760 2331 quiete

73 2330 228 2401 defensus3
247 2340 276 2391 tt
299 2335 386 2412 quir,
406 2329 483 2391 noti
530 2333 617 2390 eneris
644 2333 759 2394 claritu-

75 2411 165 2485 dine,
189 2433 281 2494 neque
303 2413 454 2473 invidiosis
463 2349 566 2491 opibus
582 2431 651 2472 erat.
666 2413 760 2496 Gym-

72 2496 190 2555 nasium
218 2514 255 2553 eo
280 2516 357 2555 anno
384 2493 545 2554 demotum
575 2515 592 2554 a
620 2493 758 2569 Nerone,

74 2577 284 2656 praebitutnque
315 2576 412 2636 oleum
442 2576 532 2656 equiti
560 2595 595 2635 aa
626 2581 757 2650 senatui,

75 2654 180 2718 Graeci
195 2653 340 2717 facilitate
731 2686 734 2698 =

114 2737 258 2798 XLVIII.
278 2738 311 2798 P.
330 2738 444 2809 Mario,
465 2737 499 2796 L.
514 2735 615 2797 Ariuio
634 2741 756 2800 consuli-

73 2817 152 2892 bus,
166 2817 305 2882 Antistius
322 2839 443 2902 prator,
460 2838 550 2901 quem
567 2835 601 2960 ἰπὶ
615 2821 762 2882 tribunatu

617 2921 636 2960 u
