2000 3684
222 337 627 412 Ac'rtrcorA.
696 361 767 431 327

71 461 168 605 ggpfiit
183 461 256 520 ratio
276 469 305 522 dc
320 478 386 521 aetas
401 483 408 518 :
422 461 612 542 retinuitque,
629 459 708 546 quod
727 457 773 522 est

25 569 28 574 ·
100 547 108 615 fi
147 543 312 614 cillimum,
329 563 363 601 tx
378 543 513 622 sapientia
530 542 657 604 mudum.

120 626 167 686 V.
186 624 281 684 Prima
300 622 451 683 caſtrorum
469 623 628 684 rudimenta
644 626 675 686 in
696 624 764 686 Bri-

75 708 188 766 tannia
204 705 342 768 Suetonio
352 703 499 777 Paullino,
511 704 643 788 diligenti
659 727 692 767 ac
706 729 769 768 mo·

74 787 186 848 ‹lerato
213 787 301 859 duci,
324 787 512 866 approbavit,
534 787 657 857 elutius,
681 809 768 870 quem

74 869 274 930 contubernio
300 866 456 929 estimaret.
480 868 545 929 Nec
567 868 704 952 Agricola
723 871 766 930 li·

75 970 200 1022 center,
225 970 304 1010 more
326 955 481 1029 juvenum,
503 951 554 1031 qui
580 951 714 1010 militiam
736 953 768 1013 iu

81 1032 238 1093 lasciviam
253 1050 378 1103 vertunt,
394 1051 486 1113 neque
500 1033 643 1115 segniter,
660 1031 696 1092 ad
714 1053 770 1093 vo-

79 1113 210 1194 luptates
233 1123 261 1175 δι
288 1133 463 1174 commeatus
491 1113 605 1173 titulum
634 1115 766 1175 tribuna-

79 1193 129 1255 ttis
149 1205 179 1256 δι
196 1197 338 1256 inscitiam
359 1195 454 1255 retulit
473 1216 481 1252 τ
498 1193 547 1254 sed
571 1215 684 1255 noscere
702 1217 768 1291 pro-

80 1278 235 1348 vinciam,
249 1278 328 1345 nosci
343 1277 491 1346 exercitui,
509 1275 612 1336 discere
623 1297 640 1337 a
653 1280 767 1358 peritis,

78 1361 170 1440 sequi
190 1361 338 1440 optimos,
360 1355 434 1417 nihil
451 1363 578 1437 appetere
595 1361 767 1440 jaciatione,

82 1437 160 1500 nihil
185 1441 225 1500 ob
251 1439 435 1500 formidinem
458 1459 602 1512 recusare,
629 1440 770 1521 simulque

82 1523 189 1582 anxius
209 1530 238 1582 &
256 1525 379 1582 intentus
403 1539 496 1604 agere.
516 1521 587 1580 Non
609 1521 677 1580 sani
699 1520 770 1583 aliis

85 1603 281 1677 exercitatior,
311 1604 459 1686 magisque
483 1603 514 1661 in
541 1601 679 1686 ambiguo
706 1601 770 1662 Bri·

86 1687 186 1744 tannia
212 1683 268 1745 fuit
294 1705 302 1742 τ
326 1684 457 1744 trucidati
475 1683 624 1755 veterani,
649 1685 771 1745 incensae

87 1767 229 1838 toloniae,
261 1767 408 1846 intercepti
440 1766 574 1826 exercitus
606 1787 613 1822 t
646 1783 706 1825 tum
733 1765 770 1825 de

87 1848 199 1920 salute,
221 1869 294 1908 'mor
321 1847 356 1907 de
376 1848 495 1907 victoria
521 1865 668 1907 certavere.
695 1847 771 1926 Quae

90 1933 191 1990 cuncta
208 1930 260 1989 etti
272 1929 397 1990 consiliis
409 1928 550 2011 dustuque
569 1929 680 1990 alterius
698 1951 770 2014 age-

89 2011 210 2084 bantur,
235 2033 269 2071 ac
288 2033 400 2072 summa
422 2031 535 2082 rerum,
559 2020 587 2072 δε
609 2013 770 2092 reciperatae‘

67 2095 239 2176 'provincia
270 2093 361 2177 gloria
390 2093 420 2152 in
456 2091 558 2152 ducem
588 2093 689 2164 cessit3
723 2114 771 2153 ar-

92 2194 148 2234 tem
178 2184 207 2236 ει
230 2195 312 2234 urum
338 2183 366 2234 uc
397 2173 525 2233 stimulos
554 2172 686 2232 addidere
718 2177 768 2253 ju-

91 2258 155 2317 veni
175 2281 183 2314 r
200 2257 371 2336 intravitque
383 2257 512 2314 animum
530 2255 657 2314 militaris
672 2255 771 2338 gloriar

92 2337 213 2479 oppido,
240 2339 352 2421 ingrata
379 2336 572 2417 temporibus,
598 2336 700 2418 quibus
725 2339 767 2396 si-

92 2422 121 2480 n'
157 2443 174 2480 a
201 2441 268 2503 erga
295 2421 450 2478 eminentes
479 2420 690 2500 interpretatio,
714 2421 769 2478 nec'

94 2503 184 2562 minus
198 2501 353 2582 periculum
375 2521 410 2560 ex
432 2521 538 2585 magna
561 2499 663 2572 fama,
681 2498 768 2582 quint

94 2604 128 2644 ex
144 2585 227 2645 mala.
762 2585 766 2615 ¹

132 2665 185 2726 VI.
200 2666 279 2726 Hinc
293 2664 330 2726 ad
346 2663 528 2746 capessendos
545 2661 719 2747 magistratus
737 2666 769 2726 in
788 2725 792 2738 Ι

94 2747 196 2842 urbem·
210 2747 366 2842 digressus,
384 2747 545 2806 Domitium
555 2745 743 2843 Decidianam
756 2791 770 2864 ἲ

95 2829 244 2912 splendidis
266 2829 408 2892 nataltirus
429 2847 544 2902 ortam,
566 2828 621 2890 sibi
644 2845 768 2909 Junnt.
847 2876 851 2882 .

540 3025 603 3461 i
