2000 3684
245 351 314 425 ¹30
353 333 406 404 .C.
435 333 583 403 coru.
614 335 804 401 Tucrrr

242 472 336 525 tutas,
357 455 485 534 quonium
500 456 610 514 diverso
624 453 723 512 itirurt
740 451 940 534 Sallustianos

242 541 275 598 in
292 537 390 596 hortor
402 537 581 605 remeaverit,
598 541 779 612 cautioremque
790 537 858 614 ejus
879 540 939 596 doli

242 618 376 690 Sullam,
402 619 554 677 ementitur
579 639 587 673 :
605 618 672 696 quia
695 613 787 686 forte,
804 618 937 677 redeun-

242 697 319 761 tibus
341 698 473 760 ministris
488 699 638 780 principis,
662 697 799 779 quidam,
817 717 877 778 per
891 706 938 779 ju-

242 783 367 843 venilem
383 783 545 850 licentiam,
564 799 709 860 quae‘tunc
724 781 828 859 passim
846 803 935 840 exer-

244 866 379 936 cebatur,
401 866 515 922 inanem
541 880 649 922 metum
670 861 801 938 fecerant.
820 862 938 944 Neque

244 940 390 1006 terrorum
399 947 550 1027 quisquam
560 989 569 1013 ‚
580 963 670 1024 neque
683 943 824 1002 clientium
842 945 936 1004 Sullae

246 1026 360 1111 agnitus
390 1051 398 1084 ε
427 1028 608 1106 maximeque
635 1025 783 1104 despetla,
806 1031 831 1083 &
859 1028 933 1085 nul-

246 1110 301 1168 lius
319 1110 381 1168 ausi
399 1105 487 1187 capax
504 1128 601 1167 natura
620 1112 696 1186 ejus,
712 1106 861 1182 acrimine
881 1109 936 1167 ab·

246 1187 401 1248 horrebat:
420 1188 534 1268 perinde
552 1207 667 1260 tamen,
685 1190 766 1269 quasi
780 1191 936 1250 convictus

247 1289 346 1341 esset,
372 1270 469 1331 cedere
497 1268 615 1351 patrii,
646 1279 673 1330 δε
703 1269 938 1346 Massiliensium

245 1353 389 1411 montbus
411 1355 531 1411 coerceri
548 1351 683 1431 jubetur..

179 1436 181 1439 ’
288 1433 428 1493 XLVIII.
444 1433 550 1493 Iisdem
571 1431 732 1492 consulibus
751 1430 854 1492 auditae
873 1433 936 1492 Pu-

247 1516 425 1575 teolanorum
441 1507 598 1599 legationes
614 1538 621 1571 ε
641 1535 711 1594 quas
723 1513 843 1574 diversas
857 1517 935 1574 ordo

246 1597 400 1679 plebesque
425 1596 461 1657 acl
480 1613 609 1658 senatum
630 1597 764 1655 miserunt
784 1617 793 1650 r
810 1595 853 1654 illi
872 1600 935 1656 vim

248 1680 456 1748 multitudinis,
489 1676 520 1739 hi
555 1679 754 1757 magrssrumum
784 1673 811 1735 ἃ
840 1679 933 1750 primi

247 1762 375 1840 cujusque
398 1762 548 1819 auaritiam
570 1760 752 1837 increpantes.
773 1757 933 1840 Quumque

247 1839 352 1898 seditio
364 1840 400 1899 acl
412 1863 477 1899 saxa
492 1849 518 1899 δε
531 1842 622 1898 minas
637 1840 748 1922 ignium
764 1859 933 1920 progressa,

247 1933 346 1979 necem
367 1929 395 1982 δι
408 1942 486 1980 arma
505 1921 667 2000 proliceret,
687 1920 724 1981 C.
745 1919 865 1980 Cassius
883 1922 932 1981 ad·

247 1997 376 2060 bibendo
397 2002 524 2061 remedio
544 2002 666 2062 delelius
685 2002 778 2082 :quia
797 2005 934 2064 severita-

248 2101 306 2141 tem
328 2089 387 2160 ejus
409 2105 469 2143 non
489 2085 667 2154 tolerabant,
689 2101 820 2162 precante
842 2085 932 2163 ipso,

246 2165 285 2224 ad
310 2166 474 2226 Scribonios
498 2164 594 2224 fratres
615 2187 647 2224 ea
667 2185 731 2224 cura
748 2164 932 2238 transfertur,

247 2247 314 2307 data
342 2245 457 2306 cohorte
476 2244 605 2326 praetorii
629 2269 635 2303 :
660 2251 736 2326 cujus
759 2265 882 2319 terrore,
904 2257 931 2307 δέ

247 2349 401 2410 paucorum
422 2328 562 2410 supplicio
574 2374 583 2400 ‚
595 2326 679 2388 rediit
691 2327 844 2409 oppidanis
855 2350 931 2389 con-

247 2410 352 2473 cordia.

289 2490 396 2550 XLIX.
430 2491 500 2551 Non
535 2489 665 2551 referrem
699 2491 932 2572 vulgatissimum

246 2573 537 2643 senatusconsultum,
562 2593 619 2653 quo
638 2573 752 2634 clvitutt'
772 2571 931 2654 Syracusa-

246 2677 362 2725 norum,
388 2657 479 2733 egredi
498 2677 658 2724 numerum,
682 2655 792 2712 edendis
810 2653 931 2732 gladia·

246 2737 349 2798 toribus
360 2737 495 2815 finitum,
509 2736 718 2810 permittebatur
726 2758 740 2807 ‚·
762 2735 818 2793 nisi
830 2736 933 2796 ,Pactus

246 2815 373 2881 Thrasea
390 2815 625 2888 contradixisset,
638 2816 856 2900 prebuissetque
871 2839 933 2880 ma«
