2000 3684
230 309 297 394 278
352 305 389 374 C.
419 305 572 374 cors.
604 304 812 371 TActrr

225 425 273 486 Ne
294 425 454 494 hominem,
475 423 552 482 bonis
572 422 694 496 publicis
714 424 837 504 mustum
850 469 863 492 ,
885 419 912 484 ἃ
987 429 989 479 ἑ

225 506 273 584 qui
292 506 359 583 fore
370 550 382 576 ,
402 504 532 574 theatro,
562 505 663 577 templa
681 525 735 576 pro
759 505 912 563 solitudine

225 585 357 656 haberet,
381 586 429 663 qui
456 586 632 646 minitaretur
653 585 789 644 exsilium
810 607 910 655 suum,
987 610 989 657 ς

228 667 385 728 ambitionis
401 688 496 742 praue
519 683 666 740 conpotem
679 665 821 741 facerent.
848 667 911 725 Non

228 749 276 807 illi
290 749 413 807 consulta
428 748 500 818 linc,
518 770 573 806 non
582 747 778 826 magistratio,
791 766 843 806 aut
855 747 909 806 Ro-

228 852 338 888 monam
356 829 446 888 urbem
461 829 562 890 videri.
580 827 762 901 Abruntperet
778 827 911 890 vitumuh

229 933 263 970 ea
281 911 415 980 civitate,
437 911 514 989 cujus
535 911 679 968 ceritatem
692 910 788 980 olim,
801 906 912 970 nunc&

229 994 383 1066 adspellum
408 991 553 1051 exsuisset

270 1071 381 1131 XXIX.
396 1071 496 1148 Quum
509 1091 558 1151 per
573 1067 631 1130 haec
641 1089 728 1152 atque
741 1071 816 1130 talia
829 1071 911 1132 Mar·

230 1151 334 1224 sellus,
362 1171 393 1211 ut
414 1171 472 1212 erat
498 1171 593 1212 torvus
618 1161 647 1212 &
671 1154 796 1225 minax,
821 1174 912 1224 voce,
987 1214 988 1233 χ

230 1235 330 1304 vultu,
352 1233 440 1293 oeulis
463 1233 639 1303 ardesceret3
661 1255 722 1294 ιιοιι
744 1199 799 1294 illi
825 1253 910 1306 uota,

230 1323 259 1374 δι
284 1315 441 1374 celebritate
472 1275 658 1395 periculorum
681 1333 762 1374 sueta
786 1320 849 1394 jam
867 1337 908 1375 se·

230 1393 313 1457 tratis
326 1394 477 1468 moestitia,
496 1396 544 1456 sed
563 1417 652 1456 novus
665 1405 692 1457 &
704 1397 796 1456 altior
808 1417 911 1477 pavor,

230 1497 331 1538 manus
347 1479 442 1538 &tela
463 1479 587 1538 militum
604 1479 819 1538 cernentibus:
834 1480 912 1539 simul

229 1560 317 1638 ipsius
338 1557 366 1618 Γ
368 1557 469 1618 hraseae
488 1560 667 1620 venerabilis
676 1562 787 1638 species
808 1562 909 1620 obver-
987 1594 988 1623 ι

169 1653 172 1660 ’
229 1641 374 1704 sabatur:
392 1648 419 1700 &
434 1660 541 1736 erunt,
550 1642 605 1722 qui
624 1640 796 1701 Helvidium
818 1663 910 1720 quoque
987 1654 988 1717 j

180 1743 185 1754 ’
229 1722 444 1792 miserarentur,
459 1723 580 1782 innoxio
594 1721 742 1800 affinitatis
754 1729 911 1798 poenoslt-
987 1730 988 1797 ζ

231 1819 329 1866 turum.
355 1803 434 1882 Quid
446 1801 600 1882 Agrippino
614 1803 761 1884 objec‘lum.
755 1809 769 1848 ²
783 1806 844 1865 nisi
853 1808 911 1866 tris·
987 1866 988 1875 ,

229 1902 287 1949 tent
305 1886 398 1958 patris
409 1885 581 1962 fhrtunum?
600 1888 716 1987 quando
726 1883 757 1945 ἃ
774 1888 826 1945 ille
834 1910 910 1962 ,·per

232 1965 323 2023 inde
311 1987 458 2036 innocens,
483 1967 590 2026 Tiberii
604 1967 717 2026 suvitiri
734 1970 906 2028 concidisset.

231 2045 382 2106 Enimvero
398 2047 567 2130 Montanutn
576 2046 693 2122 probe
675 2068 824 2126 Juventae,
838 2071 909 2127 neque

225 2127 332 2206 famosi
348 2130 497 2224 carminis,
517 2125 582 2207 quia
597 2130 775 2203 protulerit
760 2134 909 2209 ingenium,

232 2227 440 2288 extorremagi.

274 2289 369 2350 XXX.
390 2292 508 2372 Atque
500 2293 612 2353 mterim
626 2288 757 2350 Ostorius
777 2291 911 2364 Sabinus,

234 2371 336 2433 Sorani
361 2392 524 2442 accusator,
550 2372 727 2454 ingreditur,
750 2373 910 2454 orditurque

234 2459 267 2515 de
289 2455 412 2512 amicitia
432 2420 568 2514 Rubellii
576 2453 691 2524 Plauti,
708 2454 832 2531 quidque
848 2477 908 2530 pro-

235 2537 405 2596 consulatum
427 2533 505 2595 Asin
526 2535 650 2595 Soranus
659 2557 739 2608 ,pro
764 2539 910 2606 claritate,
978 2565 981 2572 ·

234 2617 290 2678 sibi
305 2615 397 2690 poriirs
416 2620 663 2688 accommodatum,
682 2639 764 2693 quum
786 2641 822 2676 ex
839 2619 912 2676 urili-

236 2716 292 2757 tote
312 2699 443 2758 communi
463 2699 579 2776 egisset,
597 2701 694 2758 alendo
708 2699 901 2758 seditiones
873 2721 911 2756 rt·

235 2781 363 2864 vitatum.¹
387 2779 492 2842 Vetera
513 2777 600 2840 haec:
618 2779 667 2840 sed
686 2799 782 2841 recens
792 2825 803 2854 ,
822 2780 912 2842 discri-
