2000 3684
231 295 638 398 ΑιιιιισοιΑ.1
707 347 771 420 355

99 467 152 508 nus
173 444 341 506 adducerent
366 469 374 504 z
397 447 476 528 quod
502 457 529 508 &
553 449 618 528 ipsis
641 447 777 510 vetustate

98 529 209 588 militia
228 531 427 599 exercitatum,
445 527 613 590 &hostibus
629 528 777 604 inhabile,

119 631 187 668 arva
212 629 289 668 scura
312 619 341 669 δι
367 624 494 670 enormes
517 610 628 692 gladios
648 615 775 694 gerenti-

98 629 152 756 bus
173 715 180 748 ι
199 712 268 750 nam
289 687 487 750 Britannorum
514 692 603 774 gladii
623 694 682 752 sine
706 715 774 754 mu·

23 829 29 838 ,
97 793 185 831 etone
201 773 382 852 complexum
399 793 563 844 armorum,
585 782 613 834 δι
630 775 661 834 in
681 796 777 854 aperto

96 875 226 936 pugnarn
245 876 306 914 non
324 855 490 916 tolerabant.
516 855 606 938 Igitur
629 875 660 914 ut
678 855 778 918 Batavi

97 937 216 994 miscere
238 937 325 1005 istus,
343 934 424 995 ferire
442 937 634 1006 umbonibus,
654 957 704 996 ora
722 936 779 998 foe·

99 1015 186 1087 dare,
208 1025 236 1077 δι
255 1018 350 1076 uastis
371 1019 422 1097 qui
441 1019 472 1078 in
494 1039 576 1098 aequo
592 1015 778 1091 obstiterant,

99 1099 206 1236 erigere
239 1098 268 1156 in
293 1097 379 1158 colles
403 1101 493 1158 aciem
524 1119 629 1178 coepere
641 1121 651 1169 3
681 1115 779 1160 cererae

98 1201 136 1238 co
157 1197 246 1250 ortes,
259 1180 475 1240 aemulatione&
486 1183 593 1260 impetu
607 1179 777 1252 commista,

98 1262 246 1342 proximos
273 1282 400 1342 quosque
426 1262 529 1322 caedete
558 1283 565 1318 t
590 1283 622 1321 ac
653 1263 777 1344 plerique

98 1344 272 1412 semineces,
293 1362 341 1402 aut
362 1345 486 1426 integri,
512 1341 688 1404 festinatione
711 1347 776 1404 vic-

100 1425 181 1498 toria
225 1424 461 1504 relinquebantur.
499 1425 616 1484 Interim
650 1427 779 1505 equitum

100 1523 199 1564 turmae
213 1503 327 1587 fugire,
340 1507 477 1564 covinarii
493 1506 619 1584 peditum
632 1526 661 1564 se
678 1507 779 1585 proelio

101 1587 257 1654 miscuere,
280 1594 307 1644 δι
329 1607 504 1667 quamquam
525 1605 664 1644 recentem
691 1605 780 1646 tetro⁴

100 1687 162 1726 rem
182 1667 350 1737 intulerant,
368 1667 461 1726 densis
479 1686 574 1728 tamen
591 1665 714 1726 hostium
731 1688 780 1752 ag-

101 1748 227 1810 minibus
250 1757 278 1808 &
302 1749 484 1829 inaequalibus
509 1749 579 1888 logis
606 1745 779 1808 haerebant:

100 1830 278 1909 minimeque
294 1828 425 1910 equestris
438 1852 471 1890 ea
488 1851 546 1914 pug
566 1851 588 1890 ae
602 1828 688 1890 facies
704 1849 778 1900 erat,

101 1931 192 1991 quum
218 1912 249 1969 in
274 1911 362 1993 gradu
386 1909 510 1982 stantes,
530 1912 614 1972 simul
641 1931 778 1992 equorum

102 1991 265 2072 corporibus
292 1993 519 2072 impellerentur,
551 2015 583 2054 ac
610 2013 680 2072 saepe
709 1995 778 2076 vagi

102 2095 218 2144 erutus,
241 2075 362 2134 exterriti
385 2077 444 2136 sine
469 2075 621 2137 semoribus
641 2076 727 2154 equi,
747 2093 779 2134 ut

103 2176 245 2237 quemque
279 2155 404 2214 formido
435 2159 559 2227 tulerat,
585 2175 778 2227 transversos,

102 2256 153 2298 aut
173 2237 275 2294 obvios
297 2236 484 2296 incursabant.

142 2317 300 2377 XXXVII.
312 2319 350 2376 Et
359 2319 505 2386 Britanni,
517 2318 567 2398 qui
578 2315 670 2376 adbuc
679 2336 781 2400 pugnae

104 2418 227 2478 expertes
260 2420 371 2468 summa
399 2399 515 2458 collium
544 2397 719 2469 insederant,
751 2407 779 2458 δι

102 2483 274 2562 paucitatem
299 2478 455 2540 nostrorum
476 2482 559 2540 vacui
579 2480 770 2560 spernebant,

103 2562 219 2645 degredi
234 2564 396 2641 paullatim,
417 2564 601 2623 &circumire
620 2581 698 2644 terga
712 2563 779 2621 viti-

103 2647 228 2716 eentium
257 2663 397 2725 coeperant
431 2668 439 2702 τ
472 2647 502 2706 ni
528 2644 650 2724 idipsum
676 2645 779 2703 veritus
810 2711 818 2719 ⁸

102 2726 257 2808 Agricola,
270 2746 390 2808 quatuor
404 2727 531 2807 equitum
543 2727 619 2796 alas,
636 2723 672 2784 ad
687 2724 779 2785 subita

103 2808 173 2868 belli
201 2827 344 2881 retentas,
376 2809 553 2870 venientibus
581 2807 779 2890 opposuisset,
