2000 3684
201 323 247 382 're
327 311 363 382 C.
394 311 532 384 coru.
564 311 750 382 Tncrrr

198 432 302 506 bantur
344 431 437 492 officia
474 433 715 492 caerimoniarum.
760 431 883 494 Sedente

197 509 348 584 Claudio,
373 511 553 574 Circensibus
572 514 664 585 ludis,
690 535 779 595 quum
803 518 887 594 pueri

148 627 151 632 ·
199 595 310 654 nobiles
326 597 423 675 „equis
454 594 592 654 ludicrum
625 594 723 674 Trojae
748 597 886 668 inirent,

195 674 332 756 interque.
350 698 398 736 eos
415 677 614 746 Britannicus,
637 678 806 756 imperatore
830 697 887 760 ge.-

199 758 297 828 nitus,
322 767 355 818 δι·
373 757 407 818 L.
430 757 598 828 Domitius,
624 757 779 836 adoptione
812 779 886 819 mox

201 839 234 898 in
268 841 415 920 imperium
449 847 476 899 &
502 857 727 922 cognomentum
756 839 887 902 Neronis

201 918 343 990 adscitus,
357 919 438 980 favor
448 919 537 1000 plebis
550 920 640 980 acrior
650 921 680 979 in
695 920 861 978 Domitium
872 965 886 993 ,

117 1053 120 1058 .
202 1001 270 1061 loco
293 1003 420 1084 praesagii
443 1021 571 1081 acceptus
595 999 634 1059 est
664 1024 672 1058 ι
696 1000 886 1083 vulgabatur-

203 1104 281 1162 que,
307 1084 429 1160 adficisse
454 1084 581 1160 infantia
598 1083 658 1162 ejus
676 1085 827 1151 dracones,
850 1085 886 1143 ira

202 1167 310 1224 modum
326 1162 480 1303 cusiodum
496 1162 626 1224 fabulosa
645 1172 673 1224 &
688 1165 806 1223 externis
820 1166 884 1223 mi-

203 1245 304 1304 raculis
327 1267 343 1304 a
366 1246 496 1304 simulata
518 1268 525 1302 z
547 1267 615 1304 narn
633 1246 716 1324 ipse,
736 1241 888 1326 haudqua-

203 1347 291 1406 quam
316 1327 358 1384 sui
381 1325 537 1398 detrae'mr,
567 1324 654 1387 uriam
680 1328 801 1386 omnino
829 1350 887 1386 an.-

108 1417 109 1420 ’
200 1429 283 1488 ,ςαεηι
293 1407 323 1465 in
335 1407 453 1466 eubiculo
467 1409 561 1468 uisam
570 1427 680 1468 narrare
689 1408 785 1466 solitus
798 1404 846 1467 est.

245 1487 313 1546 XII.
328 1486 436 1547 Verum
455 1489 602 1548 inclinatio
619 1488 715 1569 populi
727 1507 886 1568 supererat,

203 1588 244 1626 erc
261 1571 400 1629 memoria
418 1569 601 1639 Germanici,
620 1574 697 1648 cujus
710 1568 759 1628 illa
775 1570 887 1652 relicpra

188 1650 315 1710 'suboles
333 1651 421 1710 virilis
440 1675 447 1707 ε
469 1660 494 1711 8<
515 1653 599 1710 matri
615 1649 777 1733 Agrippinae
802 1655 889 1712 mise-

199 1733 277 1790 ratio
295 1732 466 1815 augebatur,
481 1733 520 1790 ob
536 1733 670 1793 saevitiam
683 1732 855 1792 Messallinae
875 1758 885 1794 r

205 1833 266 1892 quae
290 1833 397 1892 semper
415 1811 536 1884 infesta,
553 1823 581 1872 δι
601 1809 670 1872 tuuc
686 1817 860 1874 commotior
871 1862 884 1888 ,

204 1894 357 1974 quominus
377 1891 488 1953 strueret
507 1895 670 1954 crimina&
690 1914 862 1956 accusatores
870 1897 884 1968 ζ

203 1996 282 2034 novo
301 1983 328 2035 &
349 1973 436 2046 furori
461 1977 589 2054 proximo
612 1997 709 2034 amore
731 1975 885 2037 detineba-

205 2073 257 2116 tur.
269 2055 347 2115 Nam
360 2057 390 2118 iu
404 2056 441 2117 C.
453 2057 571 2128 Silium,
584 2059 735 2137 juventutis
745 2058 886 2118 Romanae

200 2134 455 2217 pulcherrimum,
487 2139 526 2196 ita
563 2156 727 2208 exarserat,
761 2156 792 2196 ut
832 2140 888 2200 Ju-

204 2219 284 2280 niam
307 2221 453 2289 Silauam,
468 2220 597 2280 nobilem
609 2218 766 2290 feminam,
788 2222 888 2280 matri-

205 2302 306 2362 monio
322 2307 380 2382 ejus
397 2301 571 2370 exturbaret,
591 2321 738 2381 uacuoque
756 2298 887 2362 adultero

206 2384 349 2463 potiretur.
368 2381 474 2463 Neque.
489 2381 574 2444 Silius
592 2383 628 2441 fla
649 2383 697 2458 itii
710 2400 759 2441 aut
768 2383 887 2462 periculi

205 2466 314 2526 nescius
329 2483 405 2524 erat:
420 2463 468 2524 sed
482 2483 573 2536 certo,
582 2464 608 2523 si
617 2403 767 2534 airum,
780 2461 886 2538 exitio,

206 2555 234 2608 &
257 2545 394 2610 nonnulla
421 2544 539 2606 fallendi
568 2566 632 2624 spe,
663 2545 747 2604 simul
760 2549 886 2626 magnis

204 2627 346 2708 praemiis,
370 2627 489 2708 opperiri
516 2625 628 2697 futura,
656 2635 684 2686 &
707 2628 887 2706 praesentibus

206 2709 280 2780 frui,
291 2730 340 2789 pro
355 2709 456 2769 solatio
470 2705 612 2768 habebat:
628 2708 676 2766 illa
693 2729 753 2769 non
769 2707 885 2782 furtim,

205 2789 255 2852 sed
284 2790 375 2852 multo
402 2791 540 2852 comitatu
571 2791 707 2852 ventitare
737 2789 861 2852 domum
872 2813 888 2868 ς
