2000 3684
162 403 166 406 ,
208 333 255 396 66
330 326 368 396 C.
398 325 544 396 corn.
576 323 767 393 TAcrnr

206 447 326 530 egregie
351 446 479 506 militaris
514 442 619 515 famae,
644 463 768 527 gnarum
793 457 897 508 tamen

207 533 284 606 cujus
315 545 414 606 sponte
437 524 626 607 preficeretur.
659 526 750 585 Suum
775 547 897 608 quoque

208 605 355 692 fastigium
374 609 532 691 Agrippina
549 607 682 666 extollere
697 604 781 666 altirls
803 631 810 664 r
828 630 896 668 car-

208 709 295 772 pento
316 690 497 771 Capitolium
514 687 644 770 ingredi,
662 689 714 769 qui
726 709 792 748 mos
802 709 900 750 sacer·

210 769 347 844 dotibus,
378 780 405 832 &
434 771 518 830 sacris
539 771 697 849 antiquitus
722 789 898 845 concessus,

209 853 422 914 venerationem
435 850 559 934 augebat
573 847 709 922 femina,
729 871 821 933 quam
845 856 901 913 im·

211 935 489 1028 peratoteugenitam
505 977 515 1005 ,
530 953 662 993 sororem
685 937 744 1011 ejus
767 937 822 1015 qui
848 956 898 994 re·

211 1037 274 1078 rum
293 1037 398 1098 potitus
415 1018 466 1088 sit,
489 1024 519 1076 &
542 1019 711 1097 conjugem,
729 1023 758 1074 δι
775 1034 901 1078 matrem
990 1030 991 1033 ’

213 1089 317 1168 luisse,
340 1099 455 1158 unicum
476 1096 514 1156 ad
535 1093 611 1155 hunc
633 1097 711 1155 diem
734 1099 901 1179 exemplum
991 1136 992 1143 κ

214 1199 263 1239 est.
281 1180 357 1238 Inter
381 1199 443 1259 quae
462 1179 614 1256 praecipuus
630 1197 828 1260 propugnator
842 1186 903 1261 ejus
992 1244 993 1265 χ

214 1259 370 1330 Vitellius,
386 1255 562 1320 validissIml
581 1257 691 1342 gratil,
712 1277 794 1320 aetate
809 1281 905 1322 extre-

215 1339 264 1404 mtl
291 1341 387 1413 (adeo
416 1341 527 1402 incertae
550 1359 615 1400 sunt
643 1343 806 1419 potentium
834 1351 902 1420 res)

215 1425 396 1484 accusatione
430 1425 608 1503 corripitur,
639 1419 784 1482 deferente
813 1426 904 1486 Junio

217 1505 300 1586 Lupo
329 1523 465 1566 senatore.
487 1503 515 1564 Is
535 1504 653 1564 crImina
672 1503 848 1584 majestatis,
877 1518 905 1569 δι

217 1587 380 1669 cupidinem
402 1587 513 1667 imperii
530 1585 703 1665 objestabat
721 1587 907 1649 Praebuisset-

216 1689 274 1754 'que
298 1692 376 1731 aures
399 1667 518 1740 caesn,
541 1669 597 1728 nisi
623 1668 792 1752 Agrippinae
817 1673 908 1732 minis

218 1755 330 1834 magis,
351 1749 437 1832 quim
458 1749 605 1850 fretibus,
625 1769 750 1811 mutatus
768 1772 860 1825 esset,
874 1771 908 1815 ut

220 1833 375 1896 accusatori
399 1853 474 1912 aqua
497 1850 581 1912 atque
603 1833 671 1916 igne
691 1831 873 1895 interdiceret
896 1859 907 1896 z

221 1913 355 1978 hellenus
375 1911 509 1973 Vitellius
530 1914 667 1976 voluerat.

262 1994 369 2058 XLIII.
394 1995 488 2056 Multa
517 2016 551 2053 eo
576 2018 653 2056 anno
677 1996 809 2093 proclt'gia
834 2019 906 2061 eve·

221 2101 296 2144 nere.
325 2078 462 2139 lnsessum
485 2076 552 2137 diris
573 2080 672 2139 avibus
692 2078 908 2161 Capitolmmt

223 2162 326 2224 crebris
361 2181 436 2220 terrae
470 2159 596 2218 motibus
622 2179 742 2242 proruta
769 2161 876 2225 domus
900 2187 910 2224 t

223 2267 258 2308 ac
273 2244 342 2305 dum
352 2240 434 2304 l·..tirls
442 2243 596 2313 metuitur,
610 2241 799 2324 trepidatione
808 2246 910 2330 vulgi,

226 2327 366 2388 invalidus
393 2328 511 2407 quisque
536 2324 644 2384 obtriti.
673 2325 800 2408 Frugum
828 2349 909 2410 quo·

248 2431 281 2469 ue
301 2407 425 2492 egestas,
446 2416 473 2468 &
491 2425 553 2466 orta
569 2427 603 2466 ex
620 2427 658 2465 eo
675 2405 766 2468 fames
776 2455 786 2479 ‚
798 2411 829 2467 in
843 2431 910 2490 pro·

226 2433 337 2574 ligium
363 2489 560 2569 accipiebatur.
584 2488 647 2548 Nec
670 2491 776 2550 occulti
798 2509 914 2552 tantum

228 2571 338 2657 questus
350 2595 360 2644 ;
389 2571 437 2632 sed
465 2577 525 2651 jura
555 2569 720 2633 reddentem
752 2571 915 2634 Claudium

230 2659 430 2717 circumvasere
442 2654 613 2714 clamoribus
623 2653 764 2726 turbidu,
782 2653 915 2734 pulsum·

232 2759 287 2820 que
304 2739 333 2798 in
344 2757 498 2796 extremam
512 2735 567 2795 fori
580 2754 688 2817 partem
705 2738 737 2798 vi
754 2736 916 2819 urgebant,

232 2819 324 2888 ¹cluuec
355 2819 479 2882 militum
509 2819 598 2906 globo
629 2818 756 2884 infensos
780 2821 919 2904 perrupit.
