2000 3684
218 323 620 403 ilaarcoc'm
687 336 749 423 365

75 444 138 515 sine
160 449 272 522 dubio,
291 452 401 531 optime
424 457 590 532 parentum,
614 448 758 511 adsidente

68 534 274 594 amantissima
305 553 391 591 uxore
416 576 428 601 ,
465 530 621 614 superfuere
655 529 759 592 honori

76 626 129 674 tuo
153 637 161 672 t
183 613 361 694 paucioribus
377 631 473 671 umen
490 613 621 692 lacrymis
639 625 760 692 compo-

69 698 147 764 ‚situs
162 715 212 766 es,
231 704 259 756 δι
276 693 433 754 novissima
451 695 482 752 in
496 695 558 752 luce
574 693 761 756 desideravere

75 774 187 856 aliquid
211 775 288 834 oculi
309 776 359 834 tui.
384 822 388 832 .
700 807 702 812 v

120 855 230 916 XLVI.
254 855 285 915 si
301 856 366 936 quis
386 857 498 936 piorum
516 856 646 916 manibus
666 857 761 928 locuta

77 937 121 1008 si,
138 957 169 1016 ut
180 936 354 1016 sapientibus
367 937 478 1017 placet,
491 959 550 996 non
568 958 633 996 cum
646 952 763 1018 corpore

78 1015 293 1101 exlbnguuntur'
324 1024 435 1102 inagna
476 1015 613 1088 animem
651 1015 763 1098 placidb

101 1100 228 1170 uiescas,
247 1119 374 1180 nosque,
395 1099 514 1159 domum
535 1119 613 1158 tuam
623 1142 634 1170 ,
652 1100 690 1158 ab
712 1101 761 1158 in⁴

114 1201 165 1240 mo
190 1172 346 1251 desiderio,
373 1179 402 1240 dc
425 1181 609 1240 muliebribus
631 1181 763 1240 lamentis

78 1260 121 1322 ad
140 1262 410 1342 contemplationem
422 1264 557 1321 virtutum
577 1279 685 1321 tuarum
705 1280 763 1321 vo«

78 1361 147 1414 ces,
165 1363 234 1424 quas
250 1362 341 1423 neque
360 1343 468 1426 lugeri,
492 1363 582 1424 neque
605 1339 703 1426 plangi
723 1341 766 1402 fas

77 1422 123 1483 est
146 1447 155 1480 z
178 1423 366 1482 admiratione
391 1443 418 1483 te
442 1421 536 1504 potitis
561 1423 765 1504 temporalibus

77 1504 237 1577 laudibus,
248 1507 311 1564 &si
330 1521 429 1565 natura
447 1504 622 1585 suppeditet,
640 1506 766 1564 militum

78 1587 256 1647 decoramus.
280 1585 307 1646 Is
319 1605 399 1647 verus
413 1583 505 1644 honos
513 1625 524 1654 ,
540 1587 765 1664 caconjundiis-

77 1669 149 1728 simi
165 1673 297 1748 cujusque
313 1669 411 1747 pietas.
429 1667 462 1726 ld
478 1663 543 1726 filiae
560 1685 765 1748 quoqueu107

79 1751 163 1830 riquc
188 1749 364 1829 praeceperim
377 1756 403 1818 ,'
415 1749 454 1806 sic
481 1749 586 1828 patris,
606 1749 645 1808 sic
670 1749 767 1808 mariti

79 1830 408 1899 memoriam-venerari,
422 1848 454 1888 ut
468 1831 567 1888 omnia
579 1827 655 1890 facta
668 1827 764 1890 dista-

105 1933 140 1970 ue
163 1916 221 1989 ejus
236 1931 330 1970 secum
352 1911 518 1982 revolvant,
542 1909 708 1992 famamque
732 1933 767 1971 ac

79 1933 207 2132 bpuram
221 1994 310 2052 animi
323 1995 416 2076 magis
431 1992 517 2074 quim
540 1995 664 2074 corporis
685 2013 767 2052 com·

78 2077 240 2156 peciantut
261 2095 347 2133 :non
367 2076 435 2156 quia
454 2075 685 2134 intercedendum
707 2095 764 2154 pu⁴

79 2175 143 2215 tem
161 2156 355 2238 imaginibus,
377 2170 438 2238 quae
461 2175 621 2226 marmore,
645 2175 693 2214 aut
710 2175 766 2214 aere

79 2235 229 2320 fingumm
251 2260 257 2293 z
278 2235 327 2295 sed
351 2256 382 2296 ut
409 2237 502 2296 vultus
526 2234 697 2307 hominum,
726 2238 769 2297 ita

80 2318 235 2380 simulacra
271 2315 363 2378 vultis
399 2317 544 2378 imbecilla
575 2339 608 2377 ac
636 2317 768 2378 mortalia

79 2419 172 2470 sunt5
194 2397 287 2458 forma
307 2401 411 2459 mentis
428 2419 550 2471 aetema,
566 2418 652 2481 quam
675 2414 768 2460 tenere

82 2489 113 2541 &
136 2481 289 2561 exprimere
314 2503 374 2540 non
396 2501 444 2562 per
467 2482 588 2541 alienam
619 2483 769 2542 materiam
855 2498 861 2508 ’

72 2571 114 2628 ,δι
137 2580 246 2632 artem,
273 2561 322 2622 sed
349 2563 404 2621 tuis
433 2563 492 2641 ipse
523 2564 648 2623 moribus
668 2565 767 2643 possis.

81 2642 241 2724 Quidquid
269 2664 303 2702 ex
324 2643 460 2727 Agricola
483 2647 666 2714 amavimus,
687 2644 768 2725 quid·

81 2725 155 2808 quid
169 2726 265 2788 mirati
275 2745 391 2798 sumus,
412 2745 531 2799 manet,
551 2745 769 2810 mansurumque

563 2808 595 2886 Q
616 2809 646 2888 u·
