2000 3684
211 343 282 406 270
335 320 372 388 C.
401 321 547 390 Coum.
579 326 774 392 TAcrrr

209 441 264 509 Iit,
285 441 394 500 minore
410 439 497 523 quim
513 445 596 502 ceteri
612 444 811 514 miseratione,
824 447 888 525 quia

208 520 352 602 proditam
375 521 415 584 C.
432 522 540 584 Caesati
555 527 783 604 conjurationem
801 527 839 586 ab
858 547 891 586 eo

208 621 406 664 meminerant.

250 683 365 743 XVIII.
395 685 441 744 De
469 685 508 746 C.
537 685 671 746 Petronio
696 707 791 767 pauca
817 685 893 767 rupti

209 766 360 846 repetenda
370 785 443 826 sunt.
458 767 537 826 Nam
549 769 592 826 iiii
602 767 663 827 dies
677 787 726 846 per
738 789 892 840 somnum,

210 868 269 906 nox
292 847 410 918 officiis,
438 857 465 908 δι
487 850 701 909 oblectamentis
722 851 792 910 vitae
816 869 892 910 tran·

211 928 356 1011 sigebatur
377 952 383 986 :
401 947 487 1010 utque
504 931 575 990 aiios
590 929 745 1000 industria,
765 933 809 992 ita
825 929 894 990 hunt

213 1012 330 1092 ignavia
348 1009 384 1070 ad
403 1008 512 1070 famam
534 1012 706 1092 protulerat,
729 1010 917 1072 habebatur-'

212 1110 269 1172 que
294 1114 353 1152 non
373 1112 487 1174 ganeo,
504 1102 531 1154 &
552 1095 741 1232 proflifiator,
764 1113 797 1152 ut
821 1096 897 1174 pleri-

213 1193 269 1254 que
294 1193 343 1233 sua
371 1171 580 1244 haurientium,
607 1195 635 1233 se
682 1174 797 1233 erudito
825 1177 895 1236 Iuru.

211 1257 258 1316 Ac
280 1254 356 1314 dista
378 1254 511 1335 factaque
531 1261 588 1333 ejus
608 1253 718 1336 quanti)
744 1257 895 1326 solutiora,

214 1344 242 1394 &
258 1335 413 1415 quamdam
428 1339 471 1396 sui
482 1339 688 1420 negligentiam
704 1337 896 1416 praeferentia,

215 1415 297 1476 tanti)
342 1415 449 1488 ratius,
475 1420 507 1476 iu
535 1421 657 1498 speciem
682 1421 896 1498 simplicitatis,
918 1461 924 1476 .

213 1439 433 1579 accipieIantur.
451 1500 606 1560 Proconsui
620 1519 718 1560 tamen
741 1499 896 1582 Bithynia,

210 1589 246 1639 ·&
266 1599 334 1640 mox
358 1582 479 1649 consui,
502 1584 647 1663 vigentem
674 1603 722 1652 se,
748 1603 783 1640 ac
804 1603 896 1663 parem

215 1665 339 1744 negotiis
354 1660 475 1722 oiiendit
494 1686 500 1720 :
516 1658 581 1722 deIn
596 1663 737 1725 revolutus
756 1664 793 1723 ad
810 1666 896 1734 vitia,

214 1762 265 1802 seu
286 1746 421 1803 vitiorum
451 1745 663 1815 Imitationem,
693 1747 769 1804 inter
795 1767 898 1827 paucos

215 1822 400 1884 familiarium
432 1825 543 1886 Neroni
568 1826 732 1906 adsumptus
755 1826 816 1899 est,
840 1831 897 1888 eie·

210 1909 321 1989 ‹gantiae
346 1908 467 1978 arbiter,
490 1908 559 1966 dum
585 1905 658 1968 nibil
679 1929 852 1982 amoeuum,
874 1918 900 1970 8(

215 1989 305 2046 molle
328 1987 471 2048 affluentii
491 2009 592 2068 putat,
612 1991 666 2049 nisi
690 1991 772 2071 quod
796 1995 825 2050 ei
844 1993 898 2050 Pe·

214 2069 325 2128 trouius
349 2071 568 2148 approbavisset.
593 2071 679 2131 Unde
705 2073 818 2150 inuidia
843 2073 897 2132 Ti-

218 2151 335 2232 gellini,
351 2153 431 2231 quasi
448 2151 577 2212 adversus
596 2153 751 2224 amulum,
767 2164 796 2214 &
810 2157 901 2214 scien·

219 2231 260 2292 tii
279 2233 457 2311 voluptatum
476 2235 626 2314 potiorem.
649 2235 688 2293 Er
708 2256 728 2293 o
749 2235 901 2295 crudelita-

219 2331 278 2372 tem
307 2316 459 2394 principis,
494 2318 540 2374 cui
568 2335 663 2374 eetetae
689 2255 828 2376 Ibidines
856 2337 901 2375 ce·

220 2393 350 2466 debunt,
376 2395 566 2478 aggreditur,
597 2399 755 2456 amicitiam
788 2399 902 2458 Sceviui

218 2474 354 2536 Petronio
372 2477 539 2556 objeeiaus,
560 2497 689 2558 corrupto
706 2477 901 2538 ati-indicium

220 2577 321 2630 servo,
352 2558 539 2641 ademptaque
568 2558 753 2630 defensione,
784 2570 814 2622 δι
839 2583 902 2622 ma·

218 2642 280 2718 jore
301 2659 377 2719 parte
395 2639 511 2702 familia
526 2643 557 2701 in
573 2642 667 2700 vincla
688 2663 717 2701 ra
738 2639 776 2701 ti.

262 2720 345 2780 XIX.
380 2722 463 2781 forta
495 2722 551 2784 iliis
578 2722 676 2782 diebus
705 2662 902 2804 (iampaniam

220 2802 357 2883 petiverat
381 2801 502 2877 Caesar,
525 2814 553 2866 &
579 2803 689 2868 Cumas
713 2825 803 2887 usque
831 2827 901 2887 pto·
