2000 3684
232 345 621 428 Aeerconr.
690 372 760 435 349

80 465 113 532 Θ
134 469 216 528 nulla
234 465 307 527 ultrb
331 478 406 527 terrie
414 511 427 538 ,
447 490 479 526 ac
501 490 534 526 ne
556 487 630 527 mare
653 469 763 544 quidem-

79 573 223 620 securum,
240 551 396 608 imminente
415 548 492 608 nobis
506 550 593 608 classe
609 549 761 608 Romane.-

80 633 127 690 ita
144 633 272 706 praelium
290 648 370 706 atque
387 652 481 699 arma,
498 650 555 706 qua
569 631 690 706 fortibus
710 629 760 688 bo-

80 715 174 793 nesta‚
193 715 286 771 eadem
303 712 387 770 etiam
404 711 517 788 ignavis
530 711 670 770 ratissima
681 730 759 770 sunt.

79 793 197 853 Priores
215 813 331 871 pagna,
354 792 448 869 quibus
470 795 603 854 adversus
620 791 761 852 Romanas

80 876 167 936 varii
174 875 291 950 fortuni
308 890 438 932 certaturn
455 875 508 952 est,
529 895 603 946 spem
621 895 652 930 at
669 873 776 932 subsi·'

81 957 159 1013 dium
174 957 204 1012 in
215 955 312 1035 nostris
324 954 450 1012 manibus
463 953 597 1014 habebant
612 955 698 1030 :quia
711 976 763 1012 no·

81 1035 219 1094 bilissimi
238 1037 324 1094 totius
343 1035 521 1104 Britannia,
541 1034 621 1112 ebqae
640 1035 670 1094 in
691 1036 763 1108 ipsis

76 1116 266 1192 penetralibus
287 1117 341 1176 siti
353 1161 366 1186 ,
389 1137 437 1175 nec
460 1116 639 1176 servientium
665 1116 764 1174 littora

82 1200 284 1272 adspicientes,
304 1199 394 1256 oculos
412 1217 512 1273 quoque
530 1220 548 1256 a
570 1203 691 1256 contalbu
711 1199 765 1256 do-

82 1281 247 1340 minationis
263 1280 414 1339 inviolatos
427 1277 599 1338 habebamus.
617 1278 698 1347 Nos,
711 1296 763 1336 ter-

82 1382 178 1418 rarum
190 1383 224 1418 aa
238 1360 373 1419 libertatis
392 1377 545 1430 extremos,
564 1381 682 1418 recessus
702 1359 764 1433 ipse

83 1464 117 1499 ac
133 1441 305 1519 sinusfama
317 1442 348 1499 in
360 1439 431 1498 buret
445 1442 516 1499 ditm
535 1441 677 1518 defendit:
691 1459 763 1498 nune

83 1524 216 1600 (anninus
230 1522 384 1580 Britannia
391 1540 469 1595 patet
483 1545 494 1580 .·
508 1539 586 1597 atque
599 1543 676 1580 omne
686 1522 764 1597 igno-

84 1621 206 1681 cumpro
224 1604 370 1682 magnifica
383 1604 429 1682 est.
449 1600 508 1661 Sed
519 1602 595 1660 nulla
605 1603 670 1681 jarn
689 1601 765 1660 ultrb

80 1707 150 1764 gens
159 1684 257 1754 ,nibil
265 1685 325 1744 nisi
329 1688 428 1764 fluibus
441 1679 550 1742 &saxa
556 1704 570 1754 5
584 1677 763 1760 &inferiores

84 1765 208 1824 Romani
228 1788 238 1824 t
254 1787 364 1843 quorum
378 1763 638 1844 superbiamfrussra
647 1785 695 1836 per
715 1762 765 1820 ob·

84 1848 207 1922 sequbtnr
235 1843 261 1906 ἃ
284 1847 438 1927 modestiam
459 1844 585 1923 effugeris
606 1867 616 1902 .·
640 1862 763 1919 raptaret

84 1927 180 2000 orbis,
197 1929 334 2009 postquam
351 1933 446 1987 cenna
467 1925 636 2008 vastantibus
657 1926 763 2003 defuere

85 2026 164 2067 terra
173 2055 185 2078 ,
199 2007 227 2069 ἃ
240 2031 313 2069 mare
325 2025 500 2068 scrutantur:
516 2009 543 2066 si
553 2007 670 2082 breaples
679 2007 763 2088 bostis

85 2091 143 2171 est,
158 2093 240 2152 avari
247 2112 262 2162 ,·
272 2087 300 2150 si
309 2111 431 2164 pauper,
439 2088 580 2148 ambitiosi
599 2111 609 2145 .·
628 2111 693 2164 quos
707 2109 764 2146 non

91 2169 196 2230 Oriens
204 2217 217 2242 ,
228 2193 282 2230 non
300 2169 434 2230 Occidens
448 2169 596 2228 satiaverit
611 2169 688 2228 :soli
699 2190 767 2236 ant-7

86 2255 165 2311 nium
179 2274 241 2327 opes
255 2270 333 2328 atque
346 2252 469 2326 inopiam
478 2250 544 2322 pari
559 2247 653 2326 affeebu
669 2271 765 2308 catecu-

81 2335 197 2408 piscant
220 2355 231 2391 .·
253 2334 378 2411 adfine,
398 2333 552 2399 trucidare,
572 2351 663 2403 rapere
674 2330 764 2406 falsis

86 2413 243 2473 nominibus
266 2461 278 2484 ‚
299 2414 473 2493 imperium
498 2429 577 2488 atque
599 2410 645 2468 nbi
665 2412 772 2480 solitn7'

87 2496 181 2556 dinem
190 2496 319 2573 farciant,
341 2515 439 2574 pacem
458 2493 606 2568 appellant.

128 2575 268 2636 XXXI.
300 2575 411 2636 Liberos
433 2575 526 2652 tuique
547 2597 578 2633 ac
598 2576 763 2650 propinquos

87 2679 154 2723 suas
173 2676 272 2716 natura
292 2658 450 2718 carissimos
466 2678 525 2715 esse
539 2655 651 2726 voluit5
669 2653 700 2712 he·
714 2676 767 2728 per

87 2735 763 2815 delebius,alibiservituti,auftrurrtur;conjuges

87 2841 244 2899 sororesque
257 2821 310 2882 ersi
325 2817 445 2901 hostilem
457 2817 598 2878 libidinem
611 2815 743 2898 efflagitent
749 2859 764 2888 ‚

258 2911 269 2937 l
