2000 3684
244 391 312 436 200
366 367 404 436 C.
435 369 598 437 Contu·
619 370 844 438 TA'crrr
876 368 878 373 '

243 487 406 548 Caesennius
444 487 535 546 Parus
567 487 735 559 audiebatur
772 513 780 544 r
817 495 937 572 jamque

242 567 362 639 aderat,
392 570 481 648 copiis
508 571 548 627 ita
570 569 687 639 divisis,
716 587 749 627 ur
774 591 888 650 quarta
910 582 937 631 δι

244 649 415 710 duodecima
435 650 583 732 legiones,
605 650 703 709 additi
723 651 859 731 quintia,
877 673 937 734 quar

243 751 337 792 recens
360 753 375 788 e
404 730 505 790 Moesis
532 735 621 791 exeita
642 751 723 802 erat,
742 734 839 792 simul
862 735 937 793 Pon·

243 814 320 884 tica,
344 822 371 872 δι
397 812 565 872 Galatarum
584 812 862 895 Cappadocumque
884 837 935 875 au-

243 894 312 953 xilia
338 895 415 952 Paeto
435 893 583 952 obedirent
609 918 617 952 z
641 896 720 953 tertia
747 903 775 953 δι
803 915 892 956 sexta
910 907 936 957 δι

248 975 359 1034 decima
384 976 531 1113 lepiones,
557 977 688 1054 priorque
712 976 797 1055 Syrie
833 979 935 1048 miles,
992 1002 993 1053 p

246 1057 323 1136 apud
348 1056 410 1118 Cor·
430 1058 546 1115 ulonem
575 1075 727 1115 manerent.
757 1057 874 1118 Cetera
906 1081 936 1117 ex
992 1062 993 1105 l

245 1157 337 1198 rerum
370 1157 421 1195 usu
450 1139 606 1206 sociarent,
634 1139 850 1216 partirenturve.
883 1140 935 1199 Sed
992 1202 993 1215 2

248 1239 340 1298 neque
363 1217 492 1278 Corbulo
511 1219 605 1278 aemuli
626 1221 752 1298 patiens;
775 1228 800 1278 dc
821 1221 934 1291 Partus,
992 1256 993 1275 ι

249 1302 294 1358 cui
311 1302 376 1360 satis
390 1299 426 1360 ad
445 1300 567 1382 gloriam
582 1320 660 1370 erat,
676 1302 701 1359 si
714 1302 870 1379 proximus
880 1301 934 1361 ha·
992 1296 993 1359 l

248 1382 378 1452 beretur,
398 1381 569 1461 despiciebat
586 1379 680 1464 gesta,
698 1380 776 1440 nibil
786 1387 875 1442 cedis
891 1404 936 1442 aur

243 1467 365 1538 prada,
396 1480 542 1537 usurpatas
575 1465 683 1522 nomine
718 1471 796 1521 tenus
828 1465 935 1524 urbium

249 1545 464 1624 expugnationes
477 1545 628 1613 didiitans3
639 1567 669 1602 se
683 1544 785 1602 tribute
798 1568 836 1603 oc
847 1549 935 1625 leges,

253 1619 302 1696 δ’,
318 1649 369 1701 pro
389 1625 481 1684 umbra
499 1627 591 1706 regis,
614 1625 769 1685 Romanurn
779 1628 834 1706 jus
853 1629 934 1689 vinis

251 1710 453 1782 impositurum.

292 1789 362 1848 Vll.
378 1789 439 1848 Sub'
449 1789 525 1848 idem
538 1807 648 1868 tempus
659 1788 749 1870 legati
756 1789 933 1872 Vologesis,

253 1889 325 1948 quos
347 1869 383 1928 ad
405 1871 559 1950 principem
577 1871 677 1930 missos
697 1875 879 1943 memoravi,
896 1893 935 1930 re·

254 1950 458 2012 vertdteinriri
480 1975 486 2010 ι
509 1952 671 2031 bellumque
690 1953 838 2031 propalam
861 1975 934 2012 sum·

255 2049 335 2110 ptum
351 2053 367 2090 a
378 2029 488 2092 Parthis
503 2055 512 2089 r
525 2053 577 2091 nec
590 2033 680 2092 Parus
693 2034 878 2105 detrediavit,
890 2035 935 2094 sed

255 2111 362 2172 duabus
384 2113 563 2195 legionibus,
587 2135 705 2194 quarum
730 2135 864 2194 quartam
885 2116 936 2175 Fu·
992 2134 993 2139 ’

256 2193 398 2254 nisulanus
425 2195 616 2254 Vettonianus
652 2216 686 2254 eo
723 2197 755 2254 in
786 2215 935 2276 ternpore,

257 2275 457 2336 duodecimam
480 2275 618 2337 Calavius
639 2276 761 2336 Sabinus
781 2278 935 2359 regebant,

257 2359 422 2434 Armeniam
446 2359 549 2427 intrat,
577 2354 646 2416 tristi
673 2358 779 2417 omine.
804 2359 887 2418 Nam
908 2361 935 2417 in

258 2457 333 2496 nans
354 2457 427 2496 ressu
448 2435 615 2516 Euphratis,
633 2459 719 2519 quem
735 2459 825 2517 ponte
842 2460 934 2500 nans-

259 2458 409 2588 mittebat,
442 2517 520 2578 nulli
546 2519 639 2598 palam
675 2517 781 2589 causi,
814 2522 937 2580 turbatus
992 2598 993 2603 η

258 2621 366 2681 equus,
391 2601 440 2680 qui
461 2599 617 2660 consularia
638 2602 761 2682 insignia
785 2601 938 2682 gestabat,

256 2677 332 2740 {tetro
357 2682 452 2739 evasit.
479 2679 657 2761 Hostiaque,
679 2703 741 2762 quat
767 2685 937 2742 munieban-

260 2779 319 2830 tur,
334 2759 520 2822 hibernaculis
531 2761 681 2833 adsistens,
693 2763 842 2823 semifacta
853 2785 938 2844 opera

258 2839 328 2924 lugd
341 2844 477 2922 perrupit,
493 2865 578 2926 seque
594 2844 691 2915 vallo,
703 2846 803 2906 extulit
816 2868 824 2904 ε
838 2855 866 2908 δι
881 2845 939 2928 pile
