2000 3684
149 291 399 364 Assumo
422 295 506 364 Lm.
531 295 635 364 XIII.
666 318 732 382 117

56 414 126 474 dam
140 415 213 474 inter
235 416 385 485 excubias,
405 416 559 474 exanimati
578 434 649 476 sunt.
673 416 733 476 Ad-

57 515 229 577 notatusque
254 497 361 588 miles,¹
384 497 434 576 qui
458 493 563 555 fascem
590 497 733 579 lignorum

62 576 210 662 gestabat,
231 579 271 637 ira
288 578 456 670 praeriguisse
474 597 590 647 manus,
606 595 637 636 ut
654 581 736 638 oneri

57 656 257 726 adherentes,
287 676 389 716 truncis
415 655 537 720 brachiis
566 657 733 721 deciderent.

56 740 121 820 Ipse
139 739 303 808 cultulevi,
317 740 407 818 capite
423 740 529 798 inrecto
540 731 591 809 ,in
602 742 735 879 aqmine,

57 823 88 880 in
120 820 285 889 laboribus,
309 818 437 900 frequens
465 819 559 880 adesse
588 842 594 875 r
635 821 737 882 audem

57 899 197 972 strenuis,
228 900 361 959 solatium
389 899 522 966 invabdis
534 945 544 972 ‚
577 903 737 982 exemplum

58 984 196 1042 omnibns
224 979 375 1040 ostendere.
403 978 540 1050 Dehinc,
584 983 630 1040 uia
657 981 737 1042 duri-

59 1068 133 1123 tiam
165 1063 230 1121 coeli
260 1063 423 1142 militiaeque
442 1063 531 1120 'multi
557 1002 739 1136 ribnuebant,

60 1143 306 1224 deserebantque,
327 1142 482 1202 remedium
502 1145 644 1202 severitate
664 1165 741 1225 qnae-

60 1229 151 1285 situm
169 1223 216 1284 est
235 1223 298 1282 Nec
317 1226 411 1293 enim,
433 1244 464 1282 ut
483 1227 513 1282 in
536 1224 597 1284 aliis
618 1229 742 1284 exerciti-

62 1308 138 1375 bus,
162 1306 286 1386 'primum
306 1305 478 1386 alterumque
502 1303 635 1364 delictum
658 1310 742 1369 venia

52 1387 305 1469 prosequebatur,
325 1386 373 1444 sed
418 1389 447 1444 ui
471 1388 551 1468 signa
571 1388 743 1467 reliquerat,

64 1467 163 1528 statim
181 1468 272 1547 capite
288 1487 384 1545 poenas
398 1407 505 1527 iuebat.
523 1466 610 1548 idque
629 1489 680 1526 usu
697 1490 743 1528 sa·

63 1551 171 1619 lubre,
197 1535 228 1609 dc
252 1546 444 1608 misericordia
463 1549 564 1607 melius
586 1550 713 1628 apparuit
735 1569 742 1606 ε

66 1632 176 1714 quippe
199 1631 343 1711 pauciores
374 1629 423 1688 illa
461 1627 547 1688 castra
579 1628 743 1701 deseruere,

64 1711 159 1796 quim
179 1732 212 1770 ea
232 1713 262 1770 in
283 1711 385 1792 quibus
405 1713 415 1768 i
436 1711 611 1769 noscebatur.
742 1745 745 1750 ·

70 1848 73 1855 .
110 1792 257 1852 XXXVI.
278 1792 394 1850 Interim
413 1731 567 1862 bubulo,
588 1791 747 1874 legionibus

68 1877 146 1935 intra
169 1872 257 1932 castra
280 1870 403 1943 habitis,
424 1872 515 1932 donec
535 1893 583 1931 ver
604 1873 747 1934 adolesce-

67 1976 131 2028 ret,
162 1955 359 2036 dispositisque
385 1973 432 2032 per
455 1953 572 2013 idoneos
592 1954 669 2013 locos
697 1975 747 2012 co-

69 2036 205 2096 hortibus
233 2035 403 2104 auxiliariis,
431 2055 466 2092 ne
491 2055 617 2117 pugnarn
665 2037 749 2096 riores

68 2118 231 2186 auderent,
259 2113 391 2196 praedicit.
420 2114 528 2175 Curam
559 2056 748 2194 prasidiorum

71 2200 177 2260 Pastio
212 2194 357 2276 Orphito,
384 2197 518 2275 primipili
549 2193 655 2254 honore
688 2217 750 2275 per-

71 2281 199 2348 moero,
227 2278 351 2336 mandat.
372 2277 400 2334 Is
425 2295 599 2414 quamquam
623 2278 750 2336 incautos

71 2363 240 2429 barbaros,
270 2367 297 2418 δι
333 2359 404 2416 bene
433 2378 516 2442 geren
537 2378 558 2419 κ
586 2357 626 2416 rei
655 2377 749 2418 casum

72 2439 175 2502 offerri
184 2442 345 2519 scripserat,
358 2457 445 2497 tenere
460 2461 491 2498 se
507 2439 703 2508 nutrimentis,
723 2437 750 2500 ὁ·
772 2502 777 2509 ,

74 2527 196 2606 majores
215 2525 308 2596 eopias
330 2520 447 2594 opperiri
464 2520 582 2599 jubetur.
596 2519 651 2578 Sed
670 2539 752 2598 rupto

74 2605 222 2684 imperio,
243 2599 304 2682 post
325 2621 391 2661 uam
405 2621 498 2680 paucae
516 2620 531 2658 e
550 2602 682 2680 proximis
696 2622 759 2661 cas.

76 2687 152 2748 tellis
171 2703 271 2743 turmae
291 2623 479 2750 advenerant,
496 2701 677 2764 pugnamque
696 2683 754 2740 im-

76 2764 180 2852 periti&
207 2764 381 2848 poscebant,
403 2781 565 2847 congressus
586 2783 650 2824 cum
675 2760 753 2830 hoste
