2000 3684
181 295 431 366 AuNArruM
453 281 539 364 ω’.
562 297 666 367 XVI.
692 319 765 389 259

75 417 206 501 populus
235 412 385 498 agrestium
420 415 568 475 efficiendo
597 418 676 497 operi
710 417 764 479 ad-

79 515 233 576 sumptus,
257 496 392 568 tandem,
417 495 509 575 positi
529 497 682 569 vecordia,
708 521 764 560 nott

65 580 161 658 salsa
176 578 241 638 anti
257 580 366 637 somnia
379 599 431 638 sua
441 623 453 647 ,
470 599 550 655 seque
566 597 628 637 tunc
642 579 765 653 primite

79 661 191 723 elusum
227 658 388 730 admirans,
425 657 562 737 pudorem
595 668 623 718 &
656 681 764 722 metum

77 759 184 800 morte.
194 738 352 800 voluntarii
370 735 479 822 effugit.
499 739 628 818 Quidam
645 743 765 802 vinetum

79 845 117 882 ae
142 843 207 880 mox
225 821 370 880 dimissum
389 820 545 894 tradidere,
567 824 702 898 ademptis
720 823 766 883 bo·

78 903 155 972 nis,
173 903 306 962 inlocum
328 903 507 986 regiaegazae.
603 959 609 971 ,

124 982 192 1044 IV.
221 981 329 1042 Interea
358 1003 490 1052 senatus,
520 984 680 1066 propinquo
707 985 768 1046 lus·

79 1065 151 1124 trab
182 1066 359 1136 certamine,
391 1082 422 1122 ut
453 1063 573 1125 dedecus
604 1085 766 1140 averteret,
841 1133 845 1138 ,

80 1142 171 1204 offert
198 1147 359 1225 imperatori
383 1148 528 1206 vitiorium
547 1148 664 1217 centris,
686 1147 763 1226 adji-

79 1227 182 1308 citque
194 1227 333 1304 facundie
355 1249 502 1298 coronam,
521 1227 578 1310 qui
595 1227 701 1288 ludicra
718 1229 766 1288 de-

80 1306 218 1368 formitas
236 1308 380 1368 velaretur.
402 1308 458 1368 Sed
483 1309 584 1379 Nero,
606 1310 684 1368 nibil
705 1333 766 1368 am-

80 1388 167 1459 bitu,
185 1411 232 1448 nec
246 1393 375 1470 potestate
394 1390 506 1451 senatis
524 1413 590 1465 opus
609 1413 669 1450 esse
686 1391 766 1451 ditri-

80 1487 173 1542 tans,
195 1493 225 1530 se
243 1465 492 1548 equum³aduersus
513 1474 643 1542 emulos,
663 1469 691 1530 d?
706 1475 768 1530 reli-

77 1553 293 1650 gionejuditum
306 1553 429 1611 meritam
441 1553 548 1612 laudem
562 1557 765 1625 adtccutuntm,

81 1634 182 1713 primo
200 1653 312 1693 carmen
331 1635 361 1693 in
375 1654 458 1694 scena
471 1635 594 1715 recitate
610 1653 699 1702 mox,
717 1635 767 1692 fla·

82 1715 196 1798 girante
214 1715 321 1798 vulgo,
345 1733 375 1774 ut
390 1717 483 1774 emnia
498 1714 591 1794 studia
608 1737 660 1774 sua
677 1713 768 1788 publi

83 1800 186 1867 earet(
199 1793 257 1856 haee
277 1797 354 1856 enim
373 1795 459 1858 verba
476 1795 595 1872 dixere)
612 1795 769 1878 ingreditur

82 1873 248 1949 theatrum,
267 1881 373 1938 cundiis
391 1875 505 1937 citharre
524 1879 634 1960 iegibus
651 1876 767 1936 obtem·
807 1939 809 1942 ,

84 1977 188 2039 perans
204 1982 215 2036 „²
235 1979 271 2018 ne
292 1958 377 2018 fessus
395 1959 540 2031 resideret,
561 1979 597 2019 ne
613 1957 766 2031 sudorem,

85 2041 144 2098 nisi
165 2037 219 2111 ei,
240 2061 325 2121 quam
346 2039 456 2100 indutui
479 2040 613 2122 gerebat,
632 2037 706 2098 veste
720 2039 768 2100 de·

85 2134 208 2204 tergeret
227 2145 233 2178 ε
248 2141 279 2180 ut
294 2115 371 2182 nulla
389 2123 465 2192 oris,
480 2139 530 2180 aut
544 2122 654 2181 narium
673 2141 768 2180 excre-

86 2222 186 2262 menta
212 2204 370 2263 viserentur.
394 2200 540 2262 Postremi>
563 2205 650 2260 flexus
669 2221 767 2282 genu,

68 2302 195 2342 ·coetum
215 2283 296 2343 illurn
322 2305 409 2344 manu
430 2301 593 2352 veneratus,
618 2283 769 2342 sententias

86 2364 214 2444 judicum
249 2366 444 2444 opperiebanu
477 2361 544 2424 fisto
578 2383 691 2444 pavore.
729 2363 769 2423 Et

86 2446 169 2526 plebs
198 2446 313 2528 quidem
344 2448 436 2518 urbis,
467 2443 632 2504 histrionum
654 2465 770 2526 quoque

87 2525 182 2609 gestus
197 2531 291 2606 juvate
305 2529 387 2588 solita
396 2573 405 2599 ,
422 2529 589 2607 personabat
606 2527 686 2584 certis
701 2547 768 2585 mo-

87 2608 156 2679 dis,
187 2609 339 2690 plausuque
365 2612 533 2689 composito.
562 2607 697 2669 Crederes
720 2608 770 2666 lae-

87 2693 142 2750 tati
152 2713 161 2760 3
177 2711 210 2748 ac
230 2689 344 2750 fortasse
362 2691 544 2762 latabantur,
562 2711 610 2773 per
630 2690 768 2753 incuriam

88 2771 198 2852 publici
214 2773 331 2856 flagitii„
536 2779 541 2791 '
