2000 3684
226 296 289 364 43²
335 285 399 346 In
436 284 676 346 Liscum
717 283 809 346 XV.

225 394 362 446 tentorium
374 393 441 444 ducis
452 401 619 460 personarent
630 407 638 443 a
648 391 781 442 classicum
790 391 855 441 illud
866 409 919 441 om-

225 468 293 518 nium
312 470 438 534 signorum
458 469 566 517 canebat
584 476 641 516 ante
665 481 783 526 coenam,
809 467 917 518 buccina

207 587 211 594 .
223 537 287 591 verb
296 541 349 606 post
364 558 457 590 coenam
471 543 578 598 idonce,
590 539 669 605 inquit
683 540 844 603 Athonem,
859 539 919 588 buc·

224 617 281 666 cina
294 615 392 663 solitum
404 616 536 663 desimus
549 615 655 662 conuiuii
664 613 756 679 signum
768 614 849 663 dedit.

262 703 289 742 2.
305 687 438 756 Auguralc.
455 688 520 737 Vide
536 687 566 736 ad
582 687 648 734 Ann.
669 702 701 746 2,
721 699 764 748 13.

259 774 286 828 3.
310 761 395 810 Cunila
414 764 439 810 ia
453 759 528 825 majus
545 760 670 810 attollens.
689 759 727 808 Ita
743 757 814 808 Flor.
832 757 861 808 δι
875 776 918 809 re·

223 833 297 906 gius,
319 835 346 886 δι
370 835 431 886 editi
452 849 539 885 omnes
557 845 615 884 ante
633 831 758 896 Lipsium,
781 833 824 899 qui
848 832 919 884 dedit

219 907 359 976 sustollens.
534 937 539 971 I
879 907 885 912 ”

265 981 374 1032 XXXII.
395 997 419 1032 ι.
445 980 486 1028 Dc
509 981 683 1046 quatuordecim
707 978 846 1029 ordinibus.
866 978 918 1045 Qui

226 1057 329 1107 ordines
339 1071 384 1104 seu
393 1055 480 1121 gradus
489 1054 794 1121 quatuordecimproximi
803 1045 919 1121 assigna-

224 1132 316 1182 bantur
333 1128 457 1195 equitibus
474 1128 594 1178 Romanis
611 1130 635 1176 in
647 1143 720 1175 scena
732 1142 781 1175 seu
794 1128 919 1185 theatro,

223 1219 262 1268 ‚ex
284 1204 342 1270 lege
364 1201 480 1253 Roscia:
499 1201 606 1253 sed'iIIa
628 1199 689 1252 nihil
706 1201 737 1250 de
758 1201 919 1252 circensibus

176 1285 178 1289 '
227 1277 291 1327 ludis
308 1288 417 1326 caverat.

257 1359 292 1402 a·
302 1347 348 1398 Per
354 1364 450 1401 arenam
461 1346 652 1398 Gladiatorium.
661 1347 730 1400 Vide
739 1347 791 1400 An.
806 1361 861 1410 14,
875 1362 920 1409 14.

265 1421 387 1474 XXXIII.
412 1435 435 1474 ι.
461 1421 550 1469 Sacras
573 1437 679 1473 coronas.
700 1421 764 1486 Quae
786 1437 920 1472 sacrorum

228 1489 391 1548 certaminum
407 1495 505 1561 praemia
526 1505 597 1544 erant
613 1511 620 1544 ε
635 1495 678 1545 iIIa
696 1506 782 1544 autern
810 1511 920 1546 numero

174 1562 178 1570 ’
228 1581 354 1639 quatuor,
363 1568 481 1636 Olympia
492 1603 499 1623 .
510 1567 597 1637 Pythia
607 1605 614 1630 ,
623 1568 718 1619 IsthmIa
727 1585 739 1629 ,·
748 1569 861 1622 Nemea.

266 1643 376 1695 XXXV.
394 1660 419 1696 1.
435 1642 475 1691 D.
490 1640 620 1708 Augustum
631 1657 737 1690 atavum.
755 1642 872 1706 Ryckius
885 1657 918 1694 ex

230 1716 402 1768 admonitione
413 1716 517 1782 Ruperti
529 1716 597 1764 dedit
607 1715 706 1764 abavum
716 1751 724 1778 ,
736 1717 805 1782 quod
819 1717 921 1766 scilicet

229 1803 303 1858 putat
312 1791 376 1840 hunc
387 1789 541 1855 Torquatum
553 1789 654 1839 fratrem
663 1791 739 1840 luisse
750 1789 789 1838 M.
802 1791 829 1840 δι
841 1790 872 1842 L.
884 1791 921 1844 Si·

227 1867 360 1923 lanosum,
377 1865 529 1929 abnepotum
546 1863 664 1930 Augusti,
684 1863 714 1913 de
735 1863 829 1929 quibus
850 1866 920 1916 Ann-

231 1950 283 2004 13,
295 1953 317 1987 ι.
329 1938 373 1987 sed
382 1937 450 1986 eade
463 1952 492 1986 re
504 1937 577 1986 etiam
591 1937 721 1992 Reinesius
732 1936 876 1989 dubitabat.

167 2018 169 2022 “
269 2027 297 2064 2.
320 2009 388 2081 Qum
405 2027 455 2058 cum
473 2009 565 2060 nobiIes
579 2009 669 2062 babere.
685 2010 746 2060 Vox
761 2011 856 2062 nobiles
875 2007 917 2062 hic

229 2083 292 2138 stare
309 2084 414 2150 nequit:
431 2099 513 2150 nequo
532 2085 596 2134 enim
611 2084 756 2150 prIncipes‚
775 2085 858 2136 multia
871 2087 920 2136 mi·

232 2159 280 2212 niis
297 2159 406 2227 privati,
423 2159 566 2214 nobilibus,
584 2158 630 2208 sed
647 2173 680 2208 ne
700 2157 797 2208 civibus
816 2159 918 2226 quidem

231 2231 309 2286 infimi
326 2232 419 2284 ordinis
440 2234 605 2282 abutebantur
621 2231 651 2282 ad
670 2230 795 2298 eiusmodi
818 2231 918 2296 officia,

232 2325 287 2374 quaa
303 2306 383 2356 servis
397 2322 426 2359 ac
444 2305 541 2355 libertis
557 2307 739 2357 mandabantur.
760 2306 920 2367 Hadrianus,

232 2391 337 2431 notante
349 2379 496 2445 Spartiano,
508 2381 537 2428 ab
547 2378 656 2444 epistulIs
666 2379 690 2428 ὃ(
699 2396 712 2429 a
721 2379 814 2429 libellis
823 2380 916 2446 primus

232 2454 319 2505 babuit
335 2454 432 2520 equites
443 2452 580 2504 Romanos.
593 2451 707 2522 Ryckius
722 2453 843 2522 reponit,
861 2455 916 2522 quia

233 2545 284 2579 cum
302 2529 406 2581 lominus
417 2526 512 2580 labere.
816 2521 821 2526 ⁵

273 2616 300 2667 3.
309 2598 415 2651 Nomina
423 2618 516 2651 summa
527 2618 594 2654 curae.
603 2601 637 2652 Ea
649 2615 704 2652 esse
713 2599 815 2651 nomina
830 2599 916 2650 minis·

234 2675 354 2724 teriortun
373 2674 508 2739 principis,
520 2675 545 2726 dc
558 2675 683 2742 quamdam
691 2673 846 2742 principaris
863 2689 917 2724 mt-

235 2747 389 2803 ditationem.
406 2748 471 2804 Vide
488 2749 553 2804 Anu.
571 2749 618 2814 ab.
637 2750 665 2805 8.

789 2792 917 2874 xxxvi,
