2000 3684
195 329 445 402 Annntrort
467 327 553 397 [tn.
577 327 679 398 XVI.
708 335 776 417 267

87 447 223 520 bantur,
242 449 328 508 simul
349 447 483 528 repertis,
505 467 568 528 quae
587 447 623 508 de
643 465 708 508 ortu
726 453 776 510 vi·

88 530 184 612 taque
211 528 318 590 Ostorii
346 529 472 609 Scapula
493 531 652 608 composita
673 549 778 604 erant,

88 614 195 673 scribit
220 610 257 671 ad
281 612 457 691 principem,
479 633 579 689 magna
598 633 647 682 se,
671 607 778 690 &qua

89 691 285 752 incolumitati
303 693 360 771 ejus
373 697 547 751 conducerent
563 693 716 752 aulam
722 738 734 764 ,
746 693 777 754 si

88 775 205 834 brevem
217 774 314 834 exsilii
325 775 436 833 veniam
448 773 652 846 impetravisset
660 797 672 832 .·
679 776 776 850 quippe

89 851 279 916 Anteium&
308 853 444 934 Ostorium
466 854 607 912 imminere
629 853 724 925 rebus,
746 853 775 916 θ

88 959 148 996 sua
167 935 403 1074 creatisquepata
414 937 541 994 rcmtnn'.
553 933 628 996 Exin
643 937 733 995 mine
742 937 777 996 li-

89 1017 237 1086 burnice,
263 1015 334 1076 adve
356 1017 411 1075 itur
431 1034 465 1072 ue
489 1014 605 1095 properi
627 1015 775 1081 Sosianus.

90 1098 141 1160 Ac
159 1099 278 1180 vulgato
303 1101 361 1176 ejus
381 1037 508 1168 iniitio,
530 1100 602 1158 inter
625 1093 778 1162 &mnenon

91 1181 209 1261 magis,
236 1175 323 1259 quim
342 1179 413 1238 inter
436 1197 518 1248 reos,
542 1178 659 1239 Anteius
679 1177 774 1241 Osto-

90 1262 206 1340 riusque
218 1256 393 1320 habebantur
411 1281 418 1315 ε
439 1257 511 1318 adeo
525 1279 555 1319 ut
575 1256 775 1324 testamentum

91 1342 195 1402 Anteii
220 1361 305 1400 nemo
331 1341 522 1419 obsignaret,
537 1343 593 1400 nisi
613 1339 776 1423 Tigellinus

91 1425 197 1482 anstor
214 1419 368 1482 exstitisset.
391 1403 523 1480 Monitus
541 1420 615 1502 priris
635 1423 774 1500 Anteius,

93 1525 130 1563 ne
149 1523 288 1581 suprentas
305 1501 412 1562 tabulas
427 1521 584 1563 nwraretur.
600 1506 694 1582 Atque
708 1505 775 1577 ille,

95 1581 198 1642 hausto
220 1603 350 1654 veneno,
374 1583 534 1642 tarditatem
562 1590 621 1659 ejus
643 1603 776 1660 perosus,

93 1664 232 1726 intercisis
248 1665 344 1734 venis,
360 1683 481 1723 mortem
501 1666 705 1742 appropetavit.

137 1745 207 1807 XV.
225 1743 353 1804 Ostorius
367 1746 417 1808 lon
439 1747 533 1825 inquis
545 1747 576 1805 in
591 1746 682 1826 agris,
698 1743 776 1825 apud

95 1825 184 1888 finem
210 1827 368 1909 Ligurum,
398 1827 408 1885 i
450 1829 584 1907 temporis
611 1845 670 1886 etat
699 1849 707 1885 ε
737 1825 776 1890 eti

95 1911 197 1970 missus
212 1909 336 1968 centurio
355 1954 367 1980 ,
385 1910 434 1988 qui
453 1908 558 1968 caedem
573 1912 632 1987 ejus
649 1927 776 1970 matura·

95 2009 146 2050 ret
177 1989 273 2052 Causa
303 1986 452 2050 festinandi
484 2011 518 2049 ex
547 2011 582 2050 eo
611 1991 753 2052 oriebatur
760 2035 775 2063 ,

95 2069 175 2154 quod
200 2069 329 2132 Ostorius
356 2070 446 2130 multi
478 2073 594 2132 militari
615 2069 717 2143 frmi,
745 2081 775 2136 δι

94 2155 216 2214 civitam
237 2173 373 2214 coronam
396 2151 471 2234 apud
491 2153 667 2213 Britanniam
692 2155 773 2214 meri·
818 2167 824 2174 “

95 2253 162 2306 tus,
185 2235 294 2316 ingenti
316 2235 440 2314 corporis
462 2233 582 2304 robore,
611 2253 772 2294 armorum-

95 2335 150 2396 que
170 2313 307 2387 stientii,
328 2334 435 2376 metum
460 2315 570 2376 Neroni
593 2312 715 2386 fecerat,
735 2335 773 2376 ne

96 2395 238 2458 invaderet
267 2397 400 2476 pavidum
429 2416 537 2475 semper
558 2440 588 2467 ,,
607 2405 636 2458 &
664 2395 773 2476 reperte

96 2499 184 2560 nuper
201 2481 394 2556 conjuratione
412 2480 504 2618 nippis
526 2479 693 2538 exterritum.
713 2478 772 2562 Igi-

95 2579 141 2620 tur
165 2562 320 2630 centurio,
350 2560 400 2618 ubi
426 2579 440 2617 e
484 2562 532 2642 gia
554 2560 627 2620 ville
650 2561 772 2634 clausit,

94 2646 166 2721 jussa
189 2643 363 2720 imperatoris
380 2637 496 2700 Ostorio
517 2643 613 2722 aperit.
635 2640 663 2699 Is
683 2638 774 2701 forti·-

96 2721 220 2782 tudinem
245 2719 390 2784 adversum
411 2718 502 2782 hostes
523 2743 595 2802 saepe
615 2724 770 2801 spectatam

94 2805 124 2866 in
141 2824 170 2866 se
187 2805 278 2865 vertit.
293 2804 332 2868 Et
343 2805 411 2886 quin
426 2823 522 2876 venae,
534 2823 710 2944 quisquam
726 2806 769 2868 in·

625 2905 646 2964 ¹1
