<?xml version="1.0" encoding="UTF-8"?>
<!DOCTYPE html PUBLIC "-//W3C//DTD XHTML 1.0 Transitional//EN"
    "http://www.w3.org/TR/xhtml1/DTD/xhtml1-transitional.dtd">
<html xmlns="http://www.w3.org/1999/xhtml" xml:lang="en" lang="en">
 <head>
  <title>
</title>
<meta http-equiv="Content-Type" content="text/html;charset=utf-8" />
  <meta name='ocr-system' content='tesseract 3.04.00' />
  <meta name='ocr-capabilities' content='ocr_page ocr_carea ocr_par ocr_line ocrx_word'/>
</head>
<body>
  <div class='ocr_page' id='page_1' title='image "./ccorneliitaciti01lallgoog_0210.png"; bbox 0 0 2000 3684; ppageno 0'>
   <div class='ocr_carea' id='block_1_1' title="bbox 237 352 798 446">
    <p class='ocr_par' dir='ltr' id='par_1_1' title="bbox 237 352 798 446">
     <span class='ocr_line' id='line_1_1' title="bbox 237 352 798 446; baseline -0.016 -19"><span class='ocrx_word' id='word_1_1' title='bbox 237 361 301 446; x_wconf 83' lang='lat'>198</span> <span class='ocrx_word' id='word_1_2' title='bbox 358 354 395 424; x_wconf 85' lang='lat' dir='ltr'>C.</span> <span class='ocrx_word' id='word_1_3' title='bbox 425 353 571 422; x_wconf 79' lang='lat' dir='ltr'>Corn.</span> <span class='ocrx_word' id='word_1_4' title='bbox 603 352 798 420; x_wconf 68' lang='lat' dir='ltr'>Tacm</span> 
     </span>
    </p>
   </div>
   <div class='ocr_carea' id='block_1_2' title="bbox 228 472 930 632">
    <p class='ocr_par' dir='ltr' id='par_1_2' title="bbox 228 472 930 632">
     <span class='ocr_line' id='line_1_2' title="bbox 231 472 930 557; baseline -0.001 -22"><span class='ocrx_word' id='word_1_5' title='bbox 231 495 381 557; x_wconf 83' lang='lat' dir='ltr'>parantur,</span> <span class='ocrx_word' id='word_1_6' title='bbox 403 477 468 534; x_wconf 70' lang='lat' dir='ltr'>adio</span> <span class='ocrx_word' id='word_1_7' title='bbox 488 473 594 553; x_wconf 85' lang='lat' dir='ltr'>raptim</span> <span class='ocrx_word' id='word_1_8' title='bbox 621 473 741 555; x_wconf 80' lang='lat' dir='ltr'>agmine</span> <span class='ocrx_word' id='word_1_9' title='bbox 760 472 930 545; x_wconf 69' lang='lat' dir='ltr'>Monesen,</span> 
     </span>
     <span class='ocr_line' id='line_1_3' title="bbox 228 553 930 632; baseline -0.006 -14"><span class='ocrx_word' id='word_1_10' title='bbox 228 578 263 618; x_wconf 86' lang='lat' dir='ltr'>ut</span> <span class='ocrx_word' id='word_1_11' title='bbox 283 555 392 616; x_wconf 82' lang='lat' dir='ltr'>famam</span> <span class='ocrx_word' id='word_1_12' title='bbox 417 556 460 614; x_wconf 90' lang='lat' dir='ltr'>sui</span> <span class='ocrx_word' id='word_1_13' title='bbox 482 555 612 632; x_wconf 74' lang='lat' dir='ltr'>praeiret,</span> <span class='ocrx_word' id='word_1_14' title='bbox 628 575 688 613; x_wconf 87' lang='lat' dir='ltr'>non</span> <span class='ocrx_word' id='word_1_15' title='bbox 705 553 778 615; x_wconf 87' lang='lat' dir='ltr'>ideo</span> <span class='ocrx_word' id='word_1_16' title='bbox 794 558 930 615; x_wconf 87' lang='lat' dir='ltr'>nescium</span> 
     </span>
    </p>
   </div>
   <div class='ocr_carea' id='block_1_3' title="bbox 231 626 998 718">
    <p class='ocr_par' dir='ltr' id='par_1_3' title="bbox 231 626 998 718">
     <span class='ocr_line' id='line_1_4' title="bbox 231 626 998 718; baseline -0.007 -19"><span class='ocrx_word' id='word_1_17' title='bbox 231 658 281 700; x_wconf 84' lang='lat' dir='ltr'>aut</span> <span class='ocrx_word' id='word_1_18' title='bbox 306 641 451 698; x_wconf 87' lang='lat' dir='ltr'>incautum</span> <span class='ocrx_word' id='word_1_19' title='bbox 477 635 626 718; x_wconf 82' lang='lat' dir='ltr'>Tigranen</span> <span class='ocrx_word' id='word_1_20' title='bbox 651 626 787 696; x_wconf 80' lang='lat' dir='ltr'>offendit.</span> <span class='ocrx_word' id='word_1_21' title='bbox 820 636 929 697; x_wconf 83' lang='lat' dir='ltr'>Occu·</span> <span class='ocrx_word' id='word_1_22' title='bbox 997 637 998 653; x_wconf 70' lang='lat'><em>²</em></span> 
     </span>
    </p>
   </div>
   <div class='ocr_carea' id='block_1_4' title="bbox 144 717 932 2925">
    <p class='ocr_par' dir='ltr' id='par_1_4' title="bbox 153 717 930 1373">
     <span class='ocr_line' id='line_1_5' title="bbox 232 717 930 801; baseline -0.003 -23"><span class='ocrx_word' id='word_1_23' title='bbox 232 739 346 800; x_wconf 79' lang='lat' dir='ltr'>paverat</span> <span class='ocrx_word' id='word_1_24' title='bbox 372 719 604 801; x_wconf 78' lang='lat' dir='ltr'>Tigranocerta,</span> <span class='ocrx_word' id='word_1_25' title='bbox 629 717 732 776; x_wconf 87' lang='lat' dir='ltr'>urbem</span> <span class='ocrx_word' id='word_1_26' title='bbox 759 718 853 799; x_wconf 74' lang='lat' dir='ltr'>copiti</span> <span class='ocrx_word' id='word_1_27' title='bbox 882 719 930 778; x_wconf 84' lang='lat' dir='ltr'>de·</span> 
     </span>
     <span class='ocr_line' id='line_1_6' title="bbox 232 797 930 882; baseline -0.006 -18"><span class='ocrx_word' id='word_1_28' title='bbox 232 800 376 864; x_wconf 81' lang='lat' dir='ltr'>sensorum</span> <span class='ocrx_word' id='word_1_29' title='bbox 408 809 436 860; x_wconf 88' lang='lat'>&amp;</span> <span class='ocrx_word' id='word_1_30' title='bbox 466 797 664 882; x_wconf 77' lang='lat' dir='ltr'>magnitudine</span> <span class='ocrx_word' id='word_1_31' title='bbox 686 801 833 859; x_wconf 83' lang='lat' dir='ltr'>moenium</span> <span class='ocrx_word' id='word_1_32' title='bbox 855 801 930 860; x_wconf 81' lang='lat' dir='ltr'>vali·</span> 
     </span>
     <span class='ocr_line' id='line_1_7' title="bbox 232 877 927 960; baseline -0.006 -14"><span class='ocrx_word' id='word_1_33' title='bbox 232 882 309 946; x_wconf 78' lang='lat' dir='ltr'>dam.</span> <span class='ocrx_word' id='word_1_34' title='bbox 333 881 380 944; x_wconf 88' lang='lat' dir='ltr'>Ad</span> <span class='ocrx_word' id='word_1_35' title='bbox 407 879 466 940; x_wconf 83' lang='lat' dir='ltr'>haec</span> <span class='ocrx_word' id='word_1_36' title='bbox 489 877 700 960; x_wconf 80' lang='lat' dir='ltr'>Nicephorius,</span> <span class='ocrx_word' id='word_1_37' title='bbox 723 883 825 942; x_wconf 87' lang='lat' dir='ltr'>amnis</span> <span class='ocrx_word' id='word_1_38' title='bbox 848 879 927 942; x_wconf 85' lang='lat' dir='ltr'>haud</span> 
     </span>
     <span class='ocr_line' id='line_1_8' title="bbox 233 962 927 1045; baseline -0.007 -18"><span class='ocrx_word' id='word_1_39' title='bbox 233 963 387 1045; x_wconf 85' lang='lat' dir='ltr'>spernenda</span> <span class='ocrx_word' id='word_1_40' title='bbox 421 962 592 1032; x_wconf 81' lang='lat' dir='ltr'>latitudine,</span> <span class='ocrx_word' id='word_1_41' title='bbox 625 981 735 1040; x_wconf 86' lang='lat' dir='ltr'>partem</span> <span class='ocrx_word' id='word_1_42' title='bbox 771 983 927 1024; x_wconf 84' lang='lat' dir='ltr'>murorum</span> 
     </span>
     <span class='ocr_line' id='line_1_9' title="bbox 233 1042 929 1126; baseline -0.006 -20"><span class='ocrx_word' id='word_1_43' title='bbox 233 1046 327 1106; x_wconf 86' lang='lat' dir='ltr'>ambit</span> <span class='ocrx_word' id='word_1_44' title='bbox 345 1069 352 1102; x_wconf 91' lang='lat'>:</span> <span class='ocrx_word' id='word_1_45' title='bbox 375 1054 402 1106; x_wconf 90' lang='lat'>&amp;</span> <span class='ocrx_word' id='word_1_46' title='bbox 421 1045 507 1104; x_wconf 64' lang='lat' dir='ltr'>duda</span> <span class='ocrx_word' id='word_1_47' title='bbox 521 1046 623 1126; x_wconf 88' lang='lat' dir='ltr'>ingens</span> <span class='ocrx_word' id='word_1_48' title='bbox 644 1042 743 1112; x_wconf 80' lang='lat' dir='ltr'>fossa,</span> <span class='ocrx_word' id='word_1_49' title='bbox 756 1042 821 1126; x_wconf 69' lang='lat' dir='ltr'>qni</span> <span class='ocrx_word' id='word_1_50' title='bbox 836 1046 929 1105; x_wconf 79' lang='lat' dir='ltr'>fluvio</span> 
     </span>
     <span class='ocr_line' id='line_1_10' title="bbox 234 1125 928 1206; baseline -0.003 -20"><span class='ocrx_word' id='word_1_51' title='bbox 234 1126 420 1188; x_wconf 85' lang='lat' dir='ltr'>diffidebarur.</span> <span class='ocrx_word' id='word_1_52' title='bbox 448 1125 618 1206; x_wconf 81' lang='lat' dir='ltr'>inerantque</span> <span class='ocrx_word' id='word_1_53' title='bbox 645 1125 775 1196; x_wconf 85' lang='lat' dir='ltr'>milites,</span> <span class='ocrx_word' id='word_1_54' title='bbox 805 1135 836 1186; x_wconf 74' lang='grc' dir='ltr'>δι</span> <span class='ocrx_word' id='word_1_55' title='bbox 861 1147 928 1206; x_wconf 85' lang='lat' dir='ltr'>pto·</span> 
     </span>
     <span class='ocr_line' id='line_1_11' title="bbox 233 1207 927 1288; baseline 0 -20"><span class='ocrx_word' id='word_1_56' title='bbox 233 1209 287 1268; x_wconf 84' lang='lat' dir='ltr'>visi</span> <span class='ocrx_word' id='word_1_57' title='bbox 311 1209 376 1268; x_wconf 75' lang='lat' dir='ltr'>ante</span> <span class='ocrx_word' id='word_1_58' title='bbox 404 1227 580 1267; x_wconf 78' lang='lat' dir='ltr'>commeatus</span> <span class='ocrx_word' id='word_1_59' title='bbox 607 1227 760 1288; x_wconf 84' lang='lat' dir='ltr'>:quorum</span> <span class='ocrx_word' id='word_1_60' title='bbox 785 1207 927 1268; x_wconf 67' lang='lat' dir='ltr'>subvecto</span> 
     </span>
     <span class='ocr_line' id='line_1_12' title="bbox 153 1287 926 1373; baseline 0.003 -25"><span class='ocrx_word' id='word_1_61' title='bbox 153 1319 156 1328; x_wconf 46' lang='lat' dir='ltr'>v</span> <span class='ocrx_word' id='word_1_62' title='bbox 234 1291 318 1370; x_wconf 90' lang='lat' dir='ltr'>pauci</span> <span class='ocrx_word' id='word_1_63' title='bbox 333 1288 440 1350; x_wconf 76' lang='lat' dir='ltr'>avidius</span> <span class='ocrx_word' id='word_1_64' title='bbox 462 1290 616 1373; x_wconf 80' lang='lat' dir='ltr'>progressi,</span> <span class='ocrx_word' id='word_1_65' title='bbox 636 1290 840 1368; x_wconf 88' lang='lat' dir='ltr'>&amp;repentinis</span> <span class='ocrx_word' id='word_1_66' title='bbox 858 1287 926 1350; x_wconf 83' lang='lat' dir='ltr'>hos·</span> 
     </span>
    </p>

    <p class='ocr_par' dir='ltr' id='par_1_5' title="bbox 234 1369 926 2011">
     <span class='ocr_line' id='line_1_13' title="bbox 236 1369 923 1452; baseline 0 -22"><span class='ocrx_word' id='word_1_67' title='bbox 236 1370 310 1430; x_wconf 86' lang='lat' dir='ltr'>ribus</span> <span class='ocrx_word' id='word_1_68' title='bbox 321 1372 524 1440; x_wconf 85' lang='lat' dir='ltr'>circumventi,</span> <span class='ocrx_word' id='word_1_69' title='bbox 534 1369 582 1433; x_wconf 68' lang='lat' dir='ltr'>iri</span> <span class='ocrx_word' id='word_1_70' title='bbox 595 1372 706 1452; x_wconf 82' lang='lat' dir='ltr'>magis,</span> <span class='ocrx_word' id='word_1_71' title='bbox 720 1369 812 1451; x_wconf 74' lang='lat' dir='ltr'>quam</span> <span class='ocrx_word' id='word_1_72' title='bbox 827 1391 923 1440; x_wconf 85' lang='lat' dir='ltr'>mem,</span> 
     </span>
     <span class='ocr_line' id='line_1_14' title="bbox 234 1449 925 1513; baseline 0 -2"><span class='ocrx_word' id='word_1_73' title='bbox 234 1473 341 1513; x_wconf 88' lang='lat' dir='ltr'>ceteros</span> <span class='ocrx_word' id='word_1_74' title='bbox 360 1453 555 1513; x_wconf 83' lang='lat' dir='ltr'>accenderant.</span> <span class='ocrx_word' id='word_1_75' title='bbox 574 1451 630 1512; x_wconf 86' lang='lat' dir='ltr'>Sed</span> <span class='ocrx_word' id='word_1_76' title='bbox 652 1449 760 1511; x_wconf 85' lang='lat' dir='ltr'>Partho</span> <span class='ocrx_word' id='word_1_77' title='bbox 785 1452 825 1512; x_wconf 92' lang='lat' dir='ltr'>ad</span> <span class='ocrx_word' id='word_1_78' title='bbox 848 1474 925 1513; x_wconf 82' lang='lat' dir='ltr'>exse-</span> 
     </span>
     <span class='ocr_line' id='line_1_15' title="bbox 237 1534 926 1616; baseline -0.003 -20"><span class='ocrx_word' id='word_1_79' title='bbox 237 1535 361 1616; x_wconf 86' lang='lat' dir='ltr'>quendas</span> <span class='ocrx_word' id='word_1_80' title='bbox 388 1535 552 1595; x_wconf 82' lang='lat' dir='ltr'>obsidiones</span> <span class='ocrx_word' id='word_1_81' title='bbox 578 1534 656 1593; x_wconf 87' lang='lat' dir='ltr'>nulla</span> <span class='ocrx_word' id='word_1_82' title='bbox 678 1535 813 1593; x_wconf 87' lang='lat' dir='ltr'>corninus</span> <span class='ocrx_word' id='word_1_83' title='bbox 836 1534 926 1594; x_wconf 81' lang='lat' dir='ltr'>auda-</span> 
     </span>
     <span class='ocr_line' id='line_1_16' title="bbox 237 1615 922 1694; baseline -0.001 -18"><span class='ocrx_word' id='word_1_84' title='bbox 237 1619 282 1677; x_wconf 83' lang='lat' dir='ltr'>cia</span> <span class='ocrx_word' id='word_1_85' title='bbox 301 1619 388 1676; x_wconf 79' lang='lat' dir='ltr'>:raris</span> <span class='ocrx_word' id='word_1_86' title='bbox 405 1617 530 1694; x_wconf 77' lang='lat' dir='ltr'>sagittis,</span> <span class='ocrx_word' id='word_1_87' title='bbox 548 1635 584 1675; x_wconf 87' lang='lat' dir='ltr'>ne</span> <span class='ocrx_word' id='word_1_88' title='bbox 606 1635 640 1673; x_wconf 94' lang='lat' dir='ltr'>ue</span> <span class='ocrx_word' id='word_1_89' title='bbox 659 1615 770 1674; x_wconf 80' lang='lat' dir='ltr'>clausos</span> <span class='ocrx_word' id='word_1_90' title='bbox 786 1635 922 1687; x_wconf 84' lang='lat' dir='ltr'>exterret,</span> 
     </span>
     <span class='ocr_line' id='line_1_17' title="bbox 238 1637 924 1777; baseline -0.006 -19"><span class='ocrx_word' id='word_1_91' title='bbox 238 1707 266 1758; x_wconf 74' lang='grc' dir='ltr'>δι</span> <span class='ocrx_word' id='word_1_92' title='bbox 284 1718 372 1758; x_wconf 87' lang='lat' dir='ltr'>semet</span> <span class='ocrx_word' id='word_1_93' title='bbox 386 1693 540 1759; x_wconf 81' lang='lat' dir='ltr'>frustratur.</span> <span class='ocrx_word' id='word_1_94' title='bbox 559 1637 724 1766; x_wconf 75' lang='lat' dir='ltr'>Adiabeni,</span> <span class='ocrx_word' id='word_1_95' title='bbox 742 1717 838 1776; x_wconf 85' lang='lat' dir='ltr'>quum</span> <span class='ocrx_word' id='word_1_96' title='bbox 863 1718 924 1777; x_wconf 87' lang='lat' dir='ltr'>pro-</span> 
     </span>
     <span class='ocr_line' id='line_1_18' title="bbox 237 1775 926 1858; baseline -0.004 -18"><span class='ocrx_word' id='word_1_97' title='bbox 237 1799 352 1840; x_wconf 82' lang='lat' dir='ltr'>movere</span> <span class='ocrx_word' id='word_1_98' title='bbox 379 1781 467 1840; x_wconf 84' lang='lat' dir='ltr'>scalas</span> <span class='ocrx_word' id='word_1_99' title='bbox 490 1787 526 1854; x_wconf 12' lang='lat' dir='ltr'>A&amp;</span> <span class='ocrx_word' id='word_1_100' title='bbox 552 1775 784 1838; x_wconf 81' lang='lat' dir='ltr'>machinamenta</span> <span class='ocrx_word' id='word_1_101' title='bbox 819 1780 926 1858; x_wconf 86' lang='lat' dir='ltr'>incipe·</span> 
     </span>
     <span class='ocr_line' id='line_1_19' title="bbox 238 1859 925 1941; baseline -0.001 -20"><span class='ocrx_word' id='word_1_102' title='bbox 238 1879 317 1930; x_wconf 81' lang='lat' dir='ltr'>rent,</span> <span class='ocrx_word' id='word_1_103' title='bbox 339 1859 422 1920; x_wconf 73' lang='lat' dir='ltr'>facile</span> <span class='ocrx_word' id='word_1_104' title='bbox 448 1860 573 1931; x_wconf 83' lang='lat' dir='ltr'>detrusi,</span> <span class='ocrx_word' id='word_1_105' title='bbox 597 1881 683 1931; x_wconf 81' lang='lat' dir='ltr'>mox,</span> <span class='ocrx_word' id='word_1_106' title='bbox 709 1861 925 1941; x_wconf 83' lang='lat' dir='ltr'>emmpentibus</span> 
     </span>
     <span class='ocr_line' id='line_1_20' title="bbox 239 1939 533 2011; baseline -0.007 -9"><span class='ocrx_word' id='word_1_107' title='bbox 239 1939 357 2011; x_wconf 82' lang='lat' dir='ltr'>nostris,-</span> <span class='ocrx_word' id='word_1_108' title='bbox 380 1941 533 2002; x_wconf 75' lang='lat' dir='ltr'>ceduntur.</span> 
     </span>
    </p>

    <p class='ocr_par' dir='ltr' id='par_1_6' title="bbox 144 2021 928 2507">
     <span class='ocr_line' id='line_1_21' title="bbox 279 2021 924 2104; baseline -0.002 -21"><span class='ocrx_word' id='word_1_109' title='bbox 279 2023 319 2083; x_wconf 84' lang='lat' dir='ltr'>V.</span> <span class='ocrx_word' id='word_1_110' title='bbox 343 2021 474 2083; x_wconf 85' lang='lat' dir='ltr'>Corbulo</span> <span class='ocrx_word' id='word_1_111' title='bbox 497 2043 618 2093; x_wconf 83' lang='lat' dir='ltr'>tamen,</span> <span class='ocrx_word' id='word_1_112' title='bbox 638 2024 770 2104; x_wconf 83' lang='lat' dir='ltr'>quamvis</span> <span class='ocrx_word' id='word_1_113' title='bbox 792 2022 924 2082; x_wconf 82' lang='lat' dir='ltr'>secundis</span> 
     </span>
     <span class='ocr_line' id='line_1_22' title="bbox 239 2101 924 2176; baseline 0.004 -15"><span class='ocrx_word' id='word_1_114' title='bbox 239 2104 320 2163; x_wconf 84' lang='lat' dir='ltr'>rebus</span> <span class='ocrx_word' id='word_1_115' title='bbox 347 2107 422 2175; x_wconf 88' lang='lat' dir='ltr'>suis,</span> <span class='ocrx_word' id='word_1_116' title='bbox 447 2104 653 2164; x_wconf 83' lang='lat' dir='ltr'>moderandum</span> <span class='ocrx_word' id='word_1_117' title='bbox 679 2101 801 2164; x_wconf 69' lang='lat' dir='ltr'>fortuna</span> <span class='ocrx_word' id='word_1_118' title='bbox 828 2124 924 2176; x_wconf 88' lang='lat' dir='ltr'>ratus,</span> 
     </span>
     <span class='ocr_line' id='line_1_23' title="bbox 241 2183 926 2269; baseline 0.001 -26"><span class='ocrx_word' id='word_1_119' title='bbox 241 2188 318 2248; x_wconf 87' lang='lat' dir='ltr'>misit</span> <span class='ocrx_word' id='word_1_120' title='bbox 351 2185 387 2246; x_wconf 88' lang='lat' dir='ltr'>ad</span> <span class='ocrx_word' id='word_1_121' title='bbox 419 2187 605 2269; x_wconf 83' lang='lat' dir='ltr'>Vologesen,</span> <span class='ocrx_word' id='word_1_122' title='bbox 636 2188 686 2266; x_wconf 87' lang='lat' dir='ltr'>qui</span> <span class='ocrx_word' id='word_1_123' title='bbox 716 2183 926 2265; x_wconf 83' lang='lat' dir='ltr'>expostularent</span> 
     </span>
     <span class='ocr_line' id='line_1_24' title="bbox 241 2269 928 2345; baseline -0.003 -17"><span class='ocrx_word' id='word_1_124' title='bbox 241 2271 301 2328; x_wconf 78' lang='lat' dir='ltr'>vim</span> <span class='ocrx_word' id='word_1_125' title='bbox 311 2270 462 2343; x_wconf 69' lang='lat' dir='ltr'>provincia</span> <span class='ocrx_word' id='word_1_126' title='bbox 479 2269 597 2326; x_wconf 79' lang='lat' dir='ltr'>inlatam</span> <span class='ocrx_word' id='word_1_127' title='bbox 613 2290 625 2324; x_wconf 88' lang='lat'>.·</span> <span class='ocrx_word' id='word_1_128' title='bbox 642 2269 746 2326; x_wconf 82' lang='lat' dir='ltr'>socium</span> <span class='ocrx_word' id='word_1_129' title='bbox 757 2269 928 2345; x_wconf 71' lang='lat' dir='ltr'>anncmnque</span> 
     </span>
     <span class='ocr_line' id='line_1_25' title="bbox 242 2348 925 2429; baseline 0 -21"><span class='ocrx_word' id='word_1_130' title='bbox 242 2373 348 2429; x_wconf 77' lang='lat' dir='ltr'>regem,</span> <span class='ocrx_word' id='word_1_131' title='bbox 376 2349 497 2410; x_wconf 75' lang='lat' dir='ltr'>cohortes</span> <span class='ocrx_word' id='word_1_132' title='bbox 523 2348 664 2410; x_wconf 65' lang='lat' dir='ltr'>Rotnenm</span> <span class='ocrx_word' id='word_1_133' title='bbox 697 2349 888 2408; x_wconf 81' lang='lat' dir='ltr'>circumsideri</span> <span class='ocrx_word' id='word_1_134' title='bbox 914 2371 925 2408; x_wconf 93' lang='lat'>.·</span> 
     </span>
     <span class='ocr_line' id='line_1_26' title="bbox 144 2431 927 2507; baseline -0.004 -15"><span class='ocrx_word' id='word_1_135' title='bbox 144 2483 148 2492; x_wconf 94' lang='lat'>.</span> <span class='ocrx_word' id='word_1_136' title='bbox 241 2434 377 2490; x_wconf 80' lang='lat' dir='ltr'>omitteret</span> <span class='ocrx_word' id='word_1_137' title='bbox 396 2432 488 2506; x_wconf 73' lang='lat' dir='ltr'>potiris</span> <span class='ocrx_word' id='word_1_138' title='bbox 507 2431 695 2499; x_wconf 67' lang='lat' dir='ltr'>obsidionem,</span> <span class='ocrx_word' id='word_1_139' title='bbox 716 2448 765 2488; x_wconf 84' lang='lat' dir='ltr'>aut</span> <span class='ocrx_word' id='word_1_140' title='bbox 777 2451 809 2488; x_wconf 85' lang='lat' dir='ltr'>se</span> <span class='ocrx_word' id='word_1_141' title='bbox 825 2453 927 2507; x_wconf 81' lang='lat' dir='ltr'>quoque</span> 
     </span>
    </p>

    <p class='ocr_par' dir='ltr' id='par_1_7' title="bbox 241 2509 932 2925">
     <span class='ocr_line' id='line_1_27' title="bbox 241 2509 928 2595; baseline -0.006 -21"><span class='ocrx_word' id='word_1_142' title='bbox 241 2516 357 2592; x_wconf 74' lang='lat' dir='ltr'>inagro</span> <span class='ocrx_word' id='word_1_143' title='bbox 379 2512 469 2595; x_wconf 74' lang='lat' dir='ltr'>hostili</span> <span class='ocrx_word' id='word_1_144' title='bbox 490 2514 576 2594; x_wconf 74' lang='lat' dir='ltr'>castra</span> <span class='ocrx_word' id='word_1_145' title='bbox 587 2513 753 2586; x_wconf 57' lang='lat' dir='ltr'>positurum,</span> <span class='ocrx_word' id='word_1_146' title='bbox 772 2509 928 2594; x_wconf 77' lang='lat' dir='ltr'>Casperius</span> 
     </span>
     <span class='ocr_line' id='line_1_28' title="bbox 242 2591 929 2676; baseline 0.003 -24"><span class='ocrx_word' id='word_1_147' title='bbox 242 2597 397 2665; x_wconf 87' lang='lat' dir='ltr'>centurio,</span> <span class='ocrx_word' id='word_1_148' title='bbox 426 2596 455 2654; x_wconf 88' lang='lat' dir='ltr'>in</span> <span class='ocrx_word' id='word_1_149' title='bbox 486 2614 550 2654; x_wconf 91' lang='lat' dir='ltr'>eam</span> <span class='ocrx_word' id='word_1_150' title='bbox 580 2592 755 2676; x_wconf 84' lang='lat' dir='ltr'>legationem</span> <span class='ocrx_word' id='word_1_151' title='bbox 780 2591 929 2664; x_wconf 70' lang='lat' dir='ltr'>delestsu,</span> 
     </span>
     <span class='ocr_line' id='line_1_29' title="bbox 244 2673 929 2755; baseline -0.001 -21"><span class='ocrx_word' id='word_1_152' title='bbox 244 2675 319 2754; x_wconf 90' lang='lat' dir='ltr'>apud</span> <span class='ocrx_word' id='word_1_153' title='bbox 352 2675 491 2755; x_wconf 87' lang='lat' dir='ltr'>oppidum</span> <span class='ocrx_word' id='word_1_154' title='bbox 515 2673 652 2746; x_wconf 90' lang='lat' dir='ltr'>Nisibin,</span> <span class='ocrx_word' id='word_1_155' title='bbox 681 2694 788 2755; x_wconf 82' lang='lat' dir='ltr'>septem</span> <span class='ocrx_word' id='word_1_156' title='bbox 817 2683 847 2734; x_wconf 89' lang='lat'>&amp;</span> <span class='ocrx_word' id='word_1_157' title='bbox 882 2676 929 2733; x_wconf 89' lang='lat' dir='ltr'>rri-</span> 
     </span>
     <span class='ocr_line' id='line_1_30' title="bbox 246 2755 931 2840; baseline 0.004 -27"><span class='ocrx_word' id='word_1_158' title='bbox 246 2777 326 2837; x_wconf 85' lang='lat' dir='ltr'>grnta</span> <span class='ocrx_word' id='word_1_159' title='bbox 336 2757 461 2818; x_wconf 63' lang='lat' dir='ltr'>,millibus</span> <span class='ocrx_word' id='word_1_160' title='bbox 479 2778 609 2836; x_wconf 88' lang='lat' dir='ltr'>passuum</span> <span class='ocrx_word' id='word_1_161' title='bbox 623 2778 639 2815; x_wconf 88' lang='lat' dir='ltr'>a</span> <span class='ocrx_word' id='word_1_162' title='bbox 652 2756 861 2840; x_wconf 79' lang='lat' dir='ltr'>Tigranocerta</span> <span class='ocrx_word' id='word_1_163' title='bbox 874 2755 931 2816; x_wconf 81' lang='lat' dir='ltr'>dis·</span> 
     </span>
     <span class='ocr_line' id='line_1_31' title="bbox 246 2835 932 2925; baseline -0.003 -25"><span class='ocrx_word' id='word_1_164' title='bbox 246 2857 370 2909; x_wconf 83' lang='lat' dir='ltr'>tentem,</span> <span class='ocrx_word' id='word_1_165' title='bbox 389 2838 459 2900; x_wconf 81' lang='lat' dir='ltr'>adiit</span> <span class='ocrx_word' id='word_1_166' title='bbox 473 2859 588 2925; x_wconf 80' lang='lat' dir='ltr'>regem,</span> <span class='ocrx_word' id='word_1_167' title='bbox 603 2846 633 2899; x_wconf 89' lang='lat'>&amp;</span> <span class='ocrx_word' id='word_1_168' title='bbox 646 2837 781 2906; x_wconf 79' lang='lat' dir='ltr'>marrdata</span> <span class='ocrx_word' id='word_1_169' title='bbox 797 2835 932 2898; x_wconf 78' lang='lat' dir='ltr'>ferociter</span> 
     </span>
    </p>
   </div>
   <div class='ocr_carea' id='block_1_5' title="bbox 0 0 1027 3684">
    <p class='ocr_par' dir='ltr' id='par_1_8' title="bbox 0 0 1027 3684">
     <span class='ocr_line' id='line_1_32' title="bbox 0 0 1027 3684; baseline 0 0"><span class='ocrx_word' id='word_1_170' title='bbox 0 0 1027 3684; x_wconf 95' lang='lat' dir='ltr'> </span> 
     </span>
    </p>
   </div>
  </div>
 </body>
</html>
