2000 3684
220 301 281 356 402
351 277 406 340 Ite
436 274 637 338 Lrnreuar
668 268 792 336 ΧΙΙῙ.

220 400 310 438 vetere
320 403 352 449 4,
366 398 388 446 3.
400 383 429 435 itt
438 385 538 449 sztriptis
554 384 579 434 δι
590 383 661 434 editis
672 381 794 432 mendose
813 376 905 450 legitur

221 465 378 516 monimenta,
390 475 445 525 quae
456 458 513 524 quid
524 457 590 507 aliud
599 469 676 514 sunt,
687 459 761 522 quim
774 457 887 504 tabule?

256 532 352 583 XXiV.
370 548 394 582 1.
413 531 498 581 Urbem
519 530 637 594 lustravit.
654 531 753 596 Nempe
765 541 906 580 suovetau-

219 606 306 658 rilibus
317 643 323 666 ,
336 622 367 655 ex
378 622 449 655 more
461 604 585 656 Romano.

256 679 343 733 XXV,
357 695 377 730 1.
389 678 431 728 Aa
441 679 598 728 venditionem
610 678 730 744 exposita.
741 675 831 728 Noetu
842 693 906 745 grat*
947 693 951 702 ’

219 754 354 817 sabantur,
376 753 420 802 sed
442 753 572 810 nimitum,
592 750 699 804 effi-attis
717 753 852 812 tabernis,
868 767 907 810 rep

220 829 324 878 venales
341 828 476 892 rapiebant.
496 822 620 876 Caetertim
636 826 689 875 haec
705 826 807 874 locutio
826 824 906 874 mendi

222 900 335 966 trispeda
353 898 377 951 J.
399 899 547 961 Gronovio,
565 901 605 965 qui
617 911 686 964 putat
697 899 817 948 Tacitum
830 901 907 964 scrip·

222 974 285 1026 sisse
295 992 376 1022 renum
390 976 498 1039 exposita
509 1009 514 1026 ,
527 990 599 1038 quam
611 990 698 1021 vocem
710 973 808 1021 sciolus
820 973 906 1038 aiiquit

222 1048 382 1114 produxerit,
393 1058 418 1095 ut
430 1048 525 1096 iaceret
535 1048 701 1094 venditionem.
713 1045 796 1096 Certe
807 1063 907 1112 praepo·

222 1122 281 1171 sitio
294 1123 326 1168 ad
336 1120 402 1170 abest
413 1138 426 1168 a
439 1119 524 1170 codice
540 1118 607 1168 Flor.
620 1119 698 1170 Prima
708 1120 790 1170 editio
806 1119 907 1186 praefert

223 1195 371 1255 venditioni,
383 1193 458 1259 idque
472 1194 556 1243 maliet
568 1193 692 1246 Ernestuc.

263 1282 287 1317 2.
303 1266 415 1315 Nondum
426 1267 537 1316 honorem
548 1270 693 1333 capessistet.
711 1265 818 1316 Nullum
831 1267 907 1318 adhuc

225 1339 389 1408 magistratum
408 1341 534 1406 cepisset,
557 1352 673 1406 essetque
696 1341 793 1392 tuatim
812 1342 907 1390 laticla-

225 1415 288 1462 vius.
305 1413 425 1480 Augustus
440 1415 505 1462 enim
520 1412 599 1463 liberis
615 1429 765 1475 senatorum,
782 1417 830 1480 qai>
850 1415 909 1464 cele·

226 1486 275 1535 ritis
287 1490 343 1553 reip.
362 1488 536 1548 adsuescerent,
550 1491 661 1554 protinus
672 1487 739 1537 virili
754 1503 818 1555 toga
835 1489 907 1541 latrem

225 1564 319 1610 c'avnnr
328 1562 455 1623 inducere,
472 1560 572 1610 &curia
588 1564 700 1612 interesse
712 1565 831 1626 permisit.
844 1562 905 1612 Sue·

223 1636 318 1686 tonius.
337 1633 402 1683 initi
421 1651 476 1684 cum
491 1634 514 1686 J.
528 1633 660 1686 Gronovio
677 1635 789 1686 dedimus
809 1639 867 1702 qaia
884 1638 907 1684 ri

223 1722 394 1770 attentantem,
409 1723 441 1758 ex
459 1709 546 1758 codice
562 1707 628 1758 Flor.
648 1709 673 1758 &
688 1709 801 1758 editione
815 1710 908 1774 prima,

224 1781 266 1829 ubi
293 1781 410 1830 scribitur
431 1785 486 1848 quia
506 1785 547 1831 eia
564 1797 725 1848 temptantem.
740 1782 833 1850 Vuige't
850 1784 906 1840 inde

222 1851 381 1914 Puteolano,
400 1859 456 1920 quia
473 1858 522 1904 rirn
539 1869 676 1906 tentantem.

263 1941 288 1989 3.
308 1925 435 1975 Leti-teram
448 1963 455 1975 .
469 1962 496 1977 ..
516 1928 656 1990 licentiam,
676 1927 698 1976 d·
715 1927 838 1992 finctores.
859 1928 922 1982 Pro.

226 1998 341 2048 ludicram
357 1999 479 2050 licentiam
492 1999 616 2064 finitorum
631 2001 816 2064 itstrioml'um.

260 2071 559 2124 Xle.1.Itee0emda
570 2075 696 2126 libertarit.
706 2075 827 2130 Claudius
839 2076 909 2129 iiber·

226 2148 291 2196 tinos
317 2149 440 2215 ingratos,
465 2148 488 2196 6·
508 2150 536 2196 dt
560 2149 642 2214 quibus
666 2151 764 2216 pattoni
788 2167 907 2214 quererent·

226 2234 277 2282 tar,
294 2224 413 2270 revocavit
426 2225 616 2281 inservientem,
634 2234 660 2272 ut
678 2225 755 2272 habet
772 2224 906 2274 Suetonius

226 2294 252 2342 in
269 2293 373 2344 Claudio
387 2311 401 2344 2
406 2313 430 2358 ς.
442 2295 486 2344 sed
495 2295 609 2344 nimirum
623 2312 650 2345 ea
664 2292 810 2348 verba'non
827 2300 907 2364 legem

226 2382 257 2416 ea
277 2367 307 2417 de
325 2384 353 2418 re
372 2368 463 2426 iatam,
481 2366 567 2420 veritm
583 2371 691 2436 privatas
711 2385 797 2420 causas
815 2368 905 2435 judicie

225 2439 324 2490 Claudii
340 2441 473 2508 diremptas
485 2442 599 2494 innuunt.

264 2530 290 2565 2.
309 2513 460 2565 Relationem
478 2518 586 2581 incipere.
603 2515 665 2566 Rem
681 2515 713 2566 ad
732 2527 846 2568 senatum
865 2533 905 2567 re·

225 2586 307 2648 ferre,
325 2587 351 2638 δι
368 2589 399 2638 de
417 2605 447 2638 ea
462 2589 600 2639 sententias
617 2607 721 2657 rogate,
742 2593 830 2658 ignare
842 2594 905 2658 prin·

227 2663 295 2725 cipe,
307 2679 354 2710 non
365 2666 420 2710 ausi
429 2678 485 2712 sunt
499 2666 667 2729 :perscripsere
679 2677 756 2712 tamen
769 2679 904 2714 eonsensum

226 2737 323 2783 retractis
340 2735 454 2804 :ille'an
470 2737 552 2788 aanor
560 2736 631 2805 fieret
645 2737 690 2798 (ec.
705 2736 766 2788 Haec
779 2737 814 2789 est
831 2736 902 2790 letio
