2000 3684
157 276 411 352 ANNALIUM
432 277 519 348 113.
543 277 648 349 XIII.
690 303 756 369 137

114 399 215 460 LVII.
245 398 357 461 Eodem
386 395 497 468 xriste,
521 399 593 458 inter
613 397 758 462 Hermun-

75 481 164 542 duros
180 481 340 560 Cattosque
356 497 492 538 certamin
512 499 620 562 magno
640 481 756 559 proelio,

73 563 145 622 dum
164 565 290 632 flumen,
304 559 449 644 gignendo
467 560 523 619 sale
539 560 708 632 fecundum,
727 571 756 624 dc

72 645 306 712 conterminum,
332 643 364 701 ui
388 638 523 712 trahont3
553 661 632 720 supet
658 643 756 702 libidi-

73 746 146 785 nem
165 728 267 784 cunsta
287 724 372 782 armis
392 722 514 806 agendi,
534 724 672 805 religione
690 725 756 786 insi·

72 804 126 878 td,
151 828 199 866 eos
223 803 344 864 maxim)
368 805 442 863 locos
460 805 642 881 propinquare
663 807 754 878 coelo,

67 907 218 964 precesque
233 887 419 945 morralt'unta
428 885 487 944 dtis
503 907 634 964 nusquam
640 887 755 960 propiis

71 970 171 1028 audiri
190 991 201 1026 .·
223 969 307 1037 inde,
332 967 506 1045 indulgetur
524 967 687 1037 nutritium,
705 969 757 1028 illo

72 1051 107 1108 itt
124 1072 229 1120 amne,
250 1049 360 1125 illisque
377 1047 465 1108 silvis
484 1049 572 1106 subm
588 1049 754 1122 provenire,

71 1152 153 1201 nott,
174 1148 207 1188 ut
225 1131 300 1189 alias
322 1131 396 1203 apud
414 1147 533 1208 gentes,
557 1129 648 1190 eluvie
667 1133 754 1194 maris

72 1213 313 1280 arescentem,
328 1212 379 1270 sed
386 1231 469 1284 super
480 1215 618 1270 ardentem
630 1209 755 1272 arborum

66 1293 264 1374 struemfitrti,
275 1314 309 1351 ex
317 1292 466 1351 contrariis
474 1294 585 1351 interse
592 1293 733 1353 elementis
740 1341 754 1366 ,

73 1376 137 1452 igne
161 1391 241 1451 atque
268 1373 347 1451 aquis
371 1391 530 1432 concretum.
559 1372 615 1434 Sed
647 1373 754 1436 bellum

73 1454 283 1516 Hermunduris
300 1473 479 1536 prosperum,
501 1454 595 1516 Cattis
607 1457 754 1516 exitiosius
782 1467 785 1472 ’

72 1536 146 1608 fuit,
162 1538 230 1618 quia
240 1538 356 1597 viliores
368 1539 507 1598 diversam
517 1538 603 1595 aciem
615 1536 710 1595 Marri
722 1557 755 1597 ac

73 1619 218 1678 Mercurio
236 1638 395 1689 sacravere,
414 1639 473 1699 quo
490 1637 560 1676 voto
580 1619 663 1698 equi,
680 1619 753 1689 viri,

63 1703 179 1771 ⁴sundra
198 1701 277 1761 vidia
301 1700 444 1760 occidioni
468 1698 580 1759 dantur.
606 1698 645 1758 Et
670 1701 754 1760 minae

72 1781 192 1864 quidem
221 1779 334 1842 hostiles
358 1785 389 1842 in
414 1783 490 1862 ipsos
516 1780 669 1841 vertebant.
697 1782 753 1844 Sed

72 1866 174 1925 civitas
198 1860 343 1923 Juhonum
362 1885 439 1923 socia
461 1863 565 1934 nobis,
590 1863 668 1922 malo
690 1865 751 1924 im-

72 1949 190 2028 proviso
202 1944 315 2006 adflieta
327 1943 366 2003 est
381 1969 388 2002 ι
404 1965 470 2004 nam
488 1947 567 2028 ignes
580 1944 650 2004 terri
666 1945 752 2018 editi,

71 2029 176 2098 vilius,
206 2047 292 2098 arva,
319 2027 396 2086 vicos
417 2028 520 2106 passim
544 2026 752 2106 corripiebant,

73 2108 295 2188 ferebanturque·
308 2110 338 2168 in
362 2109 420 2188 ipsa
440 2108 560 2166 conditae
580 2127 668 2185 nuper
688 2107 752 2167 Co·

71 2191 157 2250 loniae
191 2192 300 2249 moenia
328 2211 336 2245 t
372 2209 463 2269 neque
492 2186 632 2270 exstingui
666 2207 751 2266 pote-

69 2292 152 2343 rant5
177 2293 238 2330 non
268 2273 293 2330 si
317 2270 420 2340 inibres
445 2269 595 2338 cuderent,
616 2289 675 2326 non
698 2270 753 2328 flu-

71 2353 196 2412 vialibus
211 2353 312 2452 spuis,
333 2372 382 2412 aut
397 2371 456 2433 quo
475 2351 533 2410 aiio
550 2347 688 2410 humore:
702 2349 753 2410 do·

71 2455 122 2494 nec
146 2435 248 2512 inopia
264 2432 399 2504 remedii,
425 2442 453 2492 &
470 2430 512 2492 irit
535 2432 640 2502 cladis,
662 2452 752 2515 agres-

72 2535 111 2576 tes
125 2514 249 2597 quidam
268 2517 377 2573 eminus
393 2535 460 2573 saxa
477 2519 583 2592 jacere,
605 2512 686 2584 dein,
707 2535 752 2572 re-

72 2597 230 2656 sidentibus
257 2597 404 2666 flammis,
430 2616 480 2675 pro
500 2594 541 2654 itis
577 2595 715 2677 suggressi
738 2639 750 2664 ,

72 2680 127 2738 iesu
139 2676 278 2746 fustium,
297 2677 359 2736 aliis
381 2697 415 2735 ue
432 2617 612 2746 verieribus,
632 2693 663 2733 ut
680 2673 752 2734 ferus

72 2757 293 2821 absterrebant:
322 2699 463 2841 podismo
485 2758 613 2842 tegmina
643 2757 752 2838 corpori
