2000 3684
199 349 248 420 '14
331 332 368 404 C.
397 332 548 402 Coun.
580 335 780 402 Tactus

197 471 362 515 memorant
375 489 389 524 ,ι
411 455 549 512 sexdecim
571 455 725 514 litterarum
743 456 854 532 firmas
863 477 880 530 ,⁰

199 557 266 594 mox
284 536 357 594 alios
368 581 380 604 ,
401 557 432 592 ac
442 536 606 609 precipuum
624 534 815 606 Simonidem,
837 559 879 596 ce-

194 635 276 687 ,teras
290 617 429 692 reperisse.
449 617 489 676 At
502 619 533 676 in
543 618 625 678 Italia
639 617 748 676 Etrusci
759 617 796 676 ab
807 617 877 679 Co-

203 696 310 756 rinthio
343 698 500 757 Demarato
522 745 533 771 ,
563 701 734 781 Aborigines
769 699 881 758 Arcade

202 779 241 838 ab
260 779 394 840 Evandro
412 779 569 844 didicemnt
590 803 598 837 ε
618 791 645 841 &
669 780 761 839 forma
783 781 882 840 litteris

193 859 334 931 Latinis,
360 879 423 943 quae
447 863 601 933 veterrimis
627 863 800 923 Graecorum.
825 861 882 922 Sed

152 1007 154 1012 ,
193 943 288 1002 nobis
299 963 411 1024 quoque
430 964 523 1023 paucae
534 942 655 1025 primiim
666 942 741 1002 fuere
756 967 763 999 z
781 941 884 1002 deinde

206 1023 309 1084 additae
350 1043 421 1084 sunt.
465 1025 535 1101 Quo
576 1026 708 1106 exemplo.
744 1024 882 1085 Claudius

206 1123 260 1166 tres
284 1105 388 1165 litteras
409 1105 534 1186 adjecit,
566 1127 628 1188 quae
656 1108 740 1176 usui,
768 1107 886 1185 imperi-

207 1204 360 1256 canesco,
388 1185 450 1266 post
478 1188 664 1260 oblitterata,
694 1187 888 1267 adspiciuntur

208 1270 295 1327 etiam
314 1289 387 1327 nunc
400 1269 434 1328 in
449 1289 502 1328 aere
516 1270 692 1350 publicandis
713 1270 888 1350 plebiscitis,

208 1369 257 1430 pet
274 1347 336 1408 fora
352 1371 385 1409 ac
402 1352 508 1430 templa
528 1349 595 1414 lixo.

173 1481 175 1486 .
202 1485 204 1496 ,
250 1431 318 1490 XV.
341 1431 448 1491 Retulit
468 1432 569 1492 deinde
589 1433 783 1504 adsenseum,
805 1453 891 1514 supet

203 1512 332 1595 mollegio
344 1510 538 1595 haruspicum,
553 1539 585 1574 ne
598 1517 783 1597 vetustissima
795 1516 891 1575 Italia

210 1595 360 1669 disciplina
375 1618 427 1670 per
450 1598 585 1656 desidiam
606 1599 766 1656 exolesceret
789 1617 892 1670 :sape

206 1678 337 1742 adversis
361 1677 461 1751 reipub.
490 1680 652 1754 temporibus
676 1679 798 1748 accitos,
820 1699 891 1754 quo-

210 1779 269 1817 rum
280 1759 384 1818 monitu
395 1761 592 1839 redintegratas
608 1761 798 1829 carimonias,
817 1755 845 1818 δ’
857 1760 890 1818 in

206 1840 338 1919 posterum
356 1840 451 1900 scibitis
464 1841 574 1901 liabitas
590 1842 789 1918 :primoresque
802 1841 891 1900 Etut-

206 1923 259 1986 sia
280 1941 394 1995 sponte,
419 1939 466 1980 aut
486 1922 603 1981 Parrum
627 1922 811 1980 Romanorum
833 1923 892 1980 im·

207 2004 290 2078 pulsu
300 2049 312 2072 ,
331 2005 476 2063 retinuisse
493 2005 659 2074 scientiam,
678 2001 705 2063 θ
720 2006 749 2062 in
756 2004 893 2082 familias

207 2105 374 2162 propagasse
388 2109 399 2143 .·
413 2089 483 2162 quod
492 2085 681 2164 nunesegniies
688 2086 772 2164 fieri,
780 2085 895 2159 publica

210 2166 285 2226 circa
301 2166 384 2226 bonas
402 2185 474 2226 artes
487 2169 631 2236 socordib,
650 2164 685 2226 b?—
695 2169 759 2243 quia
775 2185 896 2227 externa

158 2267 163 2272 ·
210 2249 415 2328 superstitiones
431 2249 575 2309 valescunt
592 2272 602 2308 .-
617 2246 643 2309 θ
661 2250 723 2308 lata
740 2250 846 2326 quidem
860 2249 894 2307 its

209 2351 328 2404 prasens
337 2333 429 2390 omnia
436 2354 450 2403 ,·
460 2335 510 2389 sed
517 2330 684 2410 benignitati
689 2331 766 2390 decim
771 2332 895 2409 gratiam

211 2411 398 2488 asserendam,
416 2434 449 2471 ne
474 2413 546 2470 ritus
562 2434 719 2481 sacrorum,
740 2413 814 2471 inter
831 2434 894 2471 am-

213 2491 296 2570 bigua
324 2495 411 2563 culti,
437 2515 489 2568 per
506 2516 637 2569 prospera
660 2493 893 2553 oblitterarentur.

214 2572 332 2634 Factum
350 2595 383 2634 ex
397 2596 431 2634 eo
448 2593 558 2634 senatus
579 2575 752 2646 consultum3
770 2577 898 2635 viderem

211 2659 377 2732 pontifices,
399 2679 454 2734 qua
478 2658 620 2716 retinenda
632 2659 822 2738 firmandaque
840 2656 895 2745 ba·
964 2664 967 2670 ’
995 2732 996 2739 ¹

232 2757 263 2795 llS
274 2759 362 2796 ficum.

213 2759 234 2876 i
258 2761 341 2884 ivl.
369 2818 480 2883 Eodem
504 2841 581 2884 anno
599 2816 808 2886 Cheruscorum
826 2839 901 2903 gens
