2000 3684
232 311 299 376 342
354 288 391 354 C.
420 288 566 356 Coun,
598 289 787 354 Tacita

229 411 318 488 jestos
340 426 463 465 coercere
487 430 494 464 :
517 405 580 466 loca
602 403 694 464 castris
715 407 773 484 ipse
795 425 915 485 capere,

230 487 353 548 aestuaria
374 509 408 547 ac
426 489 510 557 silvas
529 489 539 546 i
559 508 587 546 se
607 505 768 566 praetentare
790 510 798 542 ι
824 495 853 546 &
872 490 917 546 ni-

230 567 274 628 bil
285 571 397 628 interim
411 568 486 649 apud
498 509 590 628 loires
602 569 727 648 quietum
741 569 803 647 pati
816 613 827 636 ‚
843 589 917 648 quo-

230 653 325 711 minus
343 650 443 710 subitis
465 649 622 710 excursibus
643 649 851 729 popularetur:
873 670 918 708 at-

231 753 288 814 que
315 731 365 791 ubi
386 732 451 793 satis
474 750 626 802 terruerat,
654 729 796 810 parcendo
826 751 918 790 trusus

232 815 410 874 irritamenta
429 815 506 893 pacis
525 811 672 872 ostentare.
696 811 814 887 Quibus
836 811 917 872 rebus

233 896 332 956 multae
348 897 474 956 civitates
487 916 549 975 que
562 895 592 952 in
603 894 683 952 illum
695 892 772 952 diem
788 914 824 952 ex
837 915 917 974 aequo

232 997 369 1060 egerant,
390 975 462 1036 datis
484 975 649 1046 obsidibus,
674 975 747 1032 iram
772 994 918 1053 posuere,

233 1066 262 1136 35
277 1057 410 1138 praesidiis
427 1055 598 1138 castellisque
613 1055 816 1126 circumdatae,
839 1055 918 1114 tanta

232 1142 344 1200 ratione
363 1137 482 1220 eurique
493 1184 503 1210 ‚
519 1157 550 1196 ut
574 1137 650 1198 nulla
674 1137 739 1196 ante
763 1135 922 1198 Britannia

232 1242 311 1282 nova
331 1241 392 1300 pars
409 1221 567 1280 inlacessita
584 1219 729 1279 transierit.

266 1301 358 1374 XXI.
377 1301 502 1383 Sequens
522 1298 612 1360 hiems
628 1299 819 1360 saluberrimis
845 1322 917 1360 con-

234 1383 305 1443 siliis
324 1385 474 1463 absumpta
489 1402 634 1464 :namque
657 1401 688 1440 ut
699 1377 837 1442 homines
857 1383 917 1441 dis-

235 1466 356 1546 persiae
375 1465 474 1535 rudes,
491 1462 582 1544 ebque
601 1463 677 1522 bello
692 1460 791 1522 faciles
802 1508 815 1531 ,
854 1465 920 1522 uicti

236 1556 265 1616 δι
285 1548 348 1605 orio
368 1568 415 1626 pet·
432 1545 589 1625 voluptates
610 1544 802 1606 adsuescerent
813 1485 918 1613 3qhor-

237 1629 292 1688 tari
310 1630 459 1709 privatim,
478 1626 609 1705 adjuvare
631 1625 742 1705 publice
753 1671 765 1695 ,
794 1644 828 1684 ut
849 1645 920 1686 teru-

237 1710 305 1789 pla,
334 1708 417 1781 fora,
443 1707 544 1768 domus
570 1705 753 1778 exstruerent,
775 1705 920 1767 laudando

236 1810 403 1870 promptos,
427 1799 455 1850 &
472 1787 635 1872 castigando
650 1809 775 1870 segnes:
798 1789 841 1848 ita
863 1786 918 1848 bo-

237 1872 317 1931 noris
340 1872 483 1930 aemulatio
507 1891 558 1951 pto
580 1871 743 1932 necessitate
761 1889 831 1929 erat.
856 1871 921 1930 Jam

237 1949 306 2012 verb
334 1954 491 2031 principum
520 1949 594 2012 filios
619 1951 782 2010 liberalibus
814 1951 920 2010 artibus

237 2031 366 2103 erudire,
394 2041 422 2094 &
449 2035 479 2092 iu
500 2035 566 2092 enia
598 2033 798 2092 Britannorum
825 2031 920 2092 studiis

237 2113 391 2175 Gallorum
412 2053 563 2186 anteierre,
578 2116 671 2195 utqui
681 2112 771 2174 modis
792 2114 921 2196 linguam

239 2195 405 2258 Romanam
431 2195 614 2266 abnuebant,
637 2195 832 2276 eloquentiam
852 2217 920 2256 con-

241 2279 412 2358 cupiscerent
429 2301 435 2336 ι
449 2276 515 2338 iude
530 2279 616 2336 etiam
632 2273 745 2336 habitus
760 2273 849 2334 nostri
862 2273 919 2336 ho-

241 2380 317 2429 nor,
339 2357 514 2441 &frequens
533 2377 602 2441 toga
620 2381 627 2415 :
646 2359 851 2438 paullatimque
870 2357 922 2418 dis·

240 2461 351 2499 cessum
362 2439 399 2500 ad
410 2440 594 2499 delinimenta
609 2441 762 2509 vitiorum,
779 2441 919 2518 porticus,

243 2530 272 2580 δι
296 2521 421 2592 balnea,‘
447 2530 474 2580 δι
499 2523 696 2597 confluiorum
723 2521 921 2603 elegantiam:

241 2601 329 2682 idque
351 2602 424 2684 apud
447 2603 591 2683 imperitos
616 2602 775 2662 humanitas
798 2601 924 2662 vocaba-

243 2700 311 2752 tur,
333 2705 420 2764 quum
441 2705 503 2761 pars
523 2703 658 2744 sewltutls
680 2703 758 2743 esset.

253 2805 259 2812 ·
283 2763 351 2838 XX
364 2765 414 2826 ΙΙ.
425 2763 538 2828 Tettius
548 2765 757 2847 expeditionum
769 2783 858 2825 annus
872 2784 922 2824 no-
