2000 3684
149 316 407 391 Annarron
430 317 515 393 lrr.
541 317 642 393 XIV.
669 340 736 414 ¹17r

67 440 126 503 telis
150 444 236 503 etiam
259 446 415 523 jumenta,
450 463 598 526 corporum
636 463 741 506 cumu-

68 526 125 584 lum
151 543 292 585 auxerant.
326 523 435 599 Clara,
471 533 499 586 δι
531 523 654 608 antiquis
682 527 743 586 vic·

69 609 142 666 totiis
155 625 222 688 pat,
236 604 269 666 ei
282 606 329 667 die
343 608 403 669 laus
419 627 497 688 putta
513 629 521 665 t
537 609 639 690 quippe
657 627 746 682 sunt.

69 691 115 828 gui
131 689 227 770 paullo
244 687 352 760 mimis,
374 687 460 772 quim
481 689 630 774 octoginta
651 689 744 752 millia

90 771 282 841 tirannorum,
305 771 435 833 cecidisse
461 771 592 843 tradant,
619 771 744 834 militum

70 851 277 936 quadringentis
287 850 376 913 ferme
391 849 562 925 interfeetis,
581 871 633 912 net
653 854 745 914 multo

70 932 184 1014 amplitis
210 935 371 996 vulneratis.
403 933 546 994 Boudicca
571 935 662 994 vitam
689 955 744 994 vt·

71 1031 141 1075 neno
162 1013 266 1076 finivit.
287 1017 327 1078 Et
346 1015 460 1078 Poenius
478 1013 646 1088 Postumus,
670 1033 745 1096 pra:-

72 1095 155 1158 leetus
171 1096 324 1158 castrorum
338 1097 464 1159 secunda
483 1097 626 1193 legionIs,
639 1099 746 1182 cogni·

72 1181 105 1240 tis
139 1177 454 1261 qnanadecimanomm
493 1181 749 1240 vrcesituanorum-

73 1276 124 1342 que
152 1263 290 1344 prosperis
321 1263 424 1332 rebus,
452 1261 520 1344 quia
557 1261 618 1343 pari
654 1259 748 1346 glorii

74 1342 213 1427 legionem
245 1364 325 1404 suam
362 1338 569 1414 fraudaverat,
602 1341 750 1406 abnueratb

74 1443 143 1505 que,
167 1443 267 1486 contra
291 1428 376 1486 ritum
399 1425 527 1498 militia,
550 1428 624 1506 jussa
646 1421 751 1500 ducis,

73 1507 111 1565 tei
228 1505 306 1566 ladio
322 1507 465 1590 transegit

111 1527 189 1650 ffin
223 1587 329 1649 VIII.
348 1587 520 1649 contradus
539 1583 640 1646 deinde
656 1587 753 1648 omnis

74 1672 227 1740 exercitus,
252 1669 304 1730 sub
336 1669 454 1752 pellibus
483 1665 595 1727 habitas
627 1663 686 1744 est,
714 1665 752 1730 ad

76 1753 175 1836 reliqua
205 1751 274 1811 belli
305 1749 496 1832 perpetranda.
526 1747 668 1834 Auxitque
701 1771 752 1812 co-

77 1834 131 1914 pias
158 1834 279 1905 Caesar,
307 1835 398 1893 missis
420 1853 435 1891 e
458 1829 615 1893 Germania
642 1831 754 1896 duobus

75 1914 86 1973 l
122 1917 297 1976 'onariorum
314 1913 463 1985 millibus,
484 1915 551 1973 odio
572 1915 754 1976 auxiliarium

77 1935 264 2068 exortibus,
286 2018 320 2056 ac
340 1997 416 2056 mille
441 1995 610 2077 equitibus:
632 2017 756 2080 quorum
793 2001 795 2006 '

76 2078 217 2152 adventu,
247 2079 361 2138 nonani⁴
376 2079 534 2162 legionario
563 2077 653 2137 milite
682 2099 755 2160 sup·

78 2160 142 2240 pleti
163 2179 230 2222 sunt
241 2181 252 2230 3
275 2157 404 2220 cohortes
420 2160 526 2241 alatque
550 2159 632 2217 novis
652 2155 753 2218 hiber-

77 2245 182 2303 naculis
195 2241 322 2314 locata,
342 2240 475 2324 quodque
493 2239 642 2299 nationum
664 2241 755 2300 ambi·

99 2343 185 2396 uum,
208 2342 258 2382 aut
278 2323 424 2383 adversum
449 2320 560 2392 fuerat,
584 2321 646 2405 igni
671 2341 756 2404 atque

79 2342 148 2465 irtio
164 2401 298 2466 vastatur.
320 2403 376 2466 Sed
392 2401 465 2464 nihil
485 2401 584 2484 atque,
605 2399 691 2486 quIm
713 2403 756 2466 fa·

52 2528 55 2532 1
81 2505 136 2548 mes
157 2486 315 2570 adfligebat
337 2483 458 2547 serendis
480 2483 607 2568 frugibus
631 2487 755 2548 incurio-

80 2589 138 2649 sos,
158 2577 186 2630 dt
206 2569 289 2627 omni
307 2587 386 2630 aetate
401 2564 438 2627 ad
451 2567 558 2626 bellum
577 2564 673 2639 versi,
688 2561 769 2630 dum⁸

80 2649 185 2710 nostros
206 2671 382 2710 commeatus
396 2649 450 2713 sibi
467 2646 627 2718 destinant3
646 2668 759 2734 gentes·

79 2753 133 2812 que
165 2731 329 2815 praeferoces
355 2728 459 2792 tarditis
486 2727 523 2789 ad
546 2749 645 2811 pacem
658 2777 659 2780 ,
674 2733 760 2793 incli-

81 2832 165 2890 nant3
188 2815 257 2897 quia
274 2813 363 2878 Julius
386 2811 598 2954 emim&
615 2833 758 2974 ‘guccessor

613 2913 622 2952 r
