2000 3684
241 349 666 422 GruuAurm
724 377 792 444 ηρ

114 475 228 543 tiones,
255 489 388 552 extraque
418 469 557 532 bellorum
586 493 664 534 casos
694 493 795 570 putet,

115 557 186 636 ipsis
204 553 367 634 incipientis
388 554 564 613 matrimonii
586 555 716 635 auspiciis
736 555 793 616 ad·

116 653 267 706 monetur,
286 634 383 695 venire
401 655 429 694 se
448 634 579 696 laborum
598 637 797 716 periculorum.

117 738 175 811 que
192 717 320 786 sociam,
340 713 416 774 idem
434 717 465 775 in
483 737 571 796 pace,
590 715 666 778 idem
681 719 711 778 in
726 739 797 800 pros·

117 799 166 875 ho·
179 817 321 878 passuram
335 812 520 879 ausuramque
540 821 548 856 ε
565 795 622 857 hoc
636 801 726 878 juncti
741 800 798 860 bo·

117 901 192 949 res,
214 877 270 938 hoc
292 896 402 960 params
424 899 529 960 equus,
553 875 608 939 lior
633 879 699 940 data
717 901 797 946 mma

120 961 300 1021 denunciant.
331 960 379 1021 Sic
404 959 579 1033 vivendum,
612 963 652 1021 sic
675 981 796 1042 pereun-

117 1042 191 1102 dum
205 1043 350 1122 :accipere
365 1061 412 1112 se,
429 1062 491 1123 quae
505 1041 599 1102 liberis
614 1043 751 1105 inviolata
764 1064 800 1104 ac

71 1173 77 1178 .
118 1123 210 1208 digna
232 1121 348 1193 reddat,
369 1143 434 1204 quae
454 1143 538 1184 nurus
558 1125 715 1206 accipiant,
739 1145 801 1190 rur-

121 1227 167 1266 ms
187 1225 223 1264 ue
243 1203 280 1264 ad
297 1221 412 1284 nepotes
428 1202 558 1266 referant.

161 1227 244 1348 illx.
261 1285 341 1368 Ergo
355 1281 433 1365 septi
446 1285 581 1366 pudicitii
593 1306 697 1382 agunt,
712 1287 798 1350 nullis

119 1367 343 1450 speciaculomm
364 1366 528 1439 inleceluis,
550 1369 633 1428 nullis
651 1371 801 1430 convivio-

121 1471 185 1509 rum
218 1448 420 1509 irritationibus
452 1467 596 1529 rorruptae.
631 1451 801 1512 Litterarum

121 1550 227 1592 secreta
249 1532 305 1589 viri
327 1532 429 1610 pariter
455 1551 492 1588 ao
516 1529 629 1590 feminas
655 1533 802 1613 ignorant.

122 1612 295 1673 Paucissima
316 1613 347 1670 in
366 1630 427 1673 tam
446 1631 596 1672 numerosa
616 1629 700 1694 gente
723 1611 803 1673 adul-

123 1695 217 1765 teria,
238 1713 359 1775 quorum
379 1713 463 1772 poma
487 1712 622 1772 praesens,
644 1701 672 1753 ει
693 1695 802 1757 maritis

122 1776 266 1858 permissa.
288 1774 395 1834 Acrisis
409 1775 531 1834 crinibus
549 1773 686 1834 nudatam
705 1794 803 1836 coram

123 1857 289 1939 propinquis
312 1855 425 1936 expellit
443 1854 533 1916 domo
551 1857 684 1928 maritus,
704 1877 738 1916 ac
755 1877 804 1938 per

124 1938 243 1998 omnem
267 1939 363 1998 vicum
392 1937 507 1996 verbere
529 1939 590 2021 agit
619 1959 627 1996 r
657 1937 805 2020 publicatas

125 2022 205 2080 enim
221 2018 362 2099 pudicitiae
381 2018 459 2078 nulla
475 2021 559 2079 venia
582 2042 589 2076 ε
609 2021 669 2078 non
689 2017 805 2092 sormi,

124 2120 187 2162 non
205 2119 308 2172 atate,
328 2121 387 2159 non
402 2099 505 2178 opibus
527 2101 662 2160 maritum
683 2102 806 2161 invene'-

125 2184 172 2244 rit.
194 2183 292 2241 Nemo
307 2183 384 2240 enim
403 2181 461 2240 illic
473 2182 545 2242 vitia
561 2179 634 2240 ridet
652 2203 659 2241 ι
675 2202 726 2240 nec
743 2203 808 2242 cor·

124 2271 306 2343 rumpere&
332 2283 442 2322 corrum
462 2264 495 2333 i,
524 2261 647 2323 seculum
679 2282 806 2326 vocatur.

124 2343 233 2406 Melius
261 2343 378 2426 quidem
408 2344 443 2403 ad
485 2365 499 2402 c
531 2363 569 2404 εκ
596 2345 746 2418 civitates,
775 2347 807 2408 in

128 2428 234 2508 quibos
259 2443 369 2486 tantum
396 2427 520 2510 virgines
541 2425 669 2498 nubunt,
692 2435 719 2487 ει
741 2447 812 2505 cum¹

127 2527 178 2588 spe
197 2527 322 2590 votoque
343 2509 438 2568 uxoris
460 2507 548 2568 semel
566 2509 735 2592 transigitur.
761 2509 809 2569 Sic

126 2602 218 2651 unum
233 2591 374 2670 accipiunt
383 2591 536 2660 maritum,
548 2609 607 2672 quo
620 2589 708 2650 modo
720 2609 809 2650 unum

127 2691 247 2752 corpus,
270 2693 412 2752 unamque
431 2674 541 2742 uitam,
563 2693 599 2732 ne
619 2671 676 2731 ulla
702 2673 810 2754 cogita·

126 2754 172 2813 tio
189 2750 282 2823 ultra,
301 2774 337 2812 ne
358 2754 472 2836 longior
495 2752 651 2832 cupiditas,
673 2773 709 2812 ne
727 2772 809 2814 tam·

127 2852 218 2917 quam
240 2835 396 2910 marinum,
416 2834 466 2897 sed
485 2853 634 2918 tamquam
660 2836 811 2897 matrimo-

615 2913 689 2999 N'uj
