2000 3684
163 366 167 372 ,
259 314 327 380 242
397 292 434 362 C.
464 295 610 366 coru.
641 298 839 366 TAcrrr

258 413 372 496 publico
386 433 528 487 versatus,
548 413 611 496 post
629 415 711 476 dorni
728 437 877 487 secretus,
891 419 946 478 ari·

258 515 338 555 mum
358 494 506 556 adversum
524 517 654 576 suprema
674 497 838 568 firmabat,
862 499 944 560 donoc

259 596 359 636 manus
377 575 503 637 miiitum
521 576 687 650 adveniret,
706 600 781 660 quos
804 580 893 640 Nero
909 582 943 640 ti·

258 677 363 728 eones,
391 678 440 718 aut
468 656 613 740 stipendiis
639 679 763 720 recennes
793 660 941 746 delegerat.

259 737 341 800 Nam
370 758 450 800 vetus
479 741 561 802 miles
593 742 764 814 timebatur,
797 760 941 824 tamquam

260 817 358 883 favore
383 821 518 883 imbutus.
538 822 644 895 Obiit,
664 823 790 902 abruptis
813 823 941 884 brachio-

260 922 323 963 rum
345 903 432 962 venis.
459 901 676 964 Testamentum
704 903 790 964 foedis
818 905 940 966 adverso
998 930 999 961 i

261 983 408 1046 Neronem
421 983 650 1057 adulationibus,
663 987 758 1045 amoti
773 989 878 1047 uxoris
893 986 939 1046 de·

262 1065 322 1136 dit;
349 1085 436 1146 quam
462 1066 652 1149 degenerem,
677 1075 705 1128 &
730 1065 792 1127 soli
823 1069 941 1149 corporis

261 1143 357 1210 formai
376 1147 626 1219 commendatam,
649 1149 734 1208 amici
757 1151 941 1209 matrimonio

256 1225 421 1298 abstulerat.
442 1229 561 1290 Nomen
585 1230 710 1290 mulieris
729 1230 815 1294 Arria
837 1230 940 1301 Gallu

254 1311 351 1392 priori
371 1311 493 1384 marito,
514 1312 662 1373 Domitius
682 1311 767 1372 Silius
788 1334 795 1369 ε
825 1308 877 1370 hic
897 1333 942 1391 pa-

264 1389 384 1466 tientii,
398 1392 448 1453 illa
461 1391 656 1476 impudicitii,
669 1393 780 1454 Pisonis
789 1391 941 1454 infamiam

262 1495 461 1616 propppavere.

304 1556 330 1615 L
361 1602 368 1617 .
381 1557 547 1618 Proximam
557 1577 658 1618 necem
672 1555 776 1616 Plautii
790 1554 942 1628 Laterani,

264 1637 388 1700 consulis
410 1638 571 1723 designati,
596 1638 675 1700 Nero
700 1636 853 1719 adjungit,
875 1637 942 1698 ado

262 1721 400 1808 properi,
425 1741 456 1782 ut
482 1743 541 1783 uon
566 1720 718 1800 complecti
735 1718 865 1790 liberos,
887 1741 942 1780 non

264 1801 336 1862 illud
361 1802 445 1863 breve
472 1804 572 1862 mortis
591 1801 939 1881 arbitrium‘permirreret.

259 1882 374 1963 ‚Raptus
395 1885 542 1944 inlocum
563 1883 708 1944 servilibus
730 1883 820 1963 potuis
840 1885 943 1963 seposi·

267 1983 353 2036 tum,
376 1986 465 2029 manu
488 1966 590 2036 Statii,
615 1965 742 2036 tribuni,
769 1963 943 2035 trucidant,

265 2047 365 2130 plenus
383 2045 535 2108 constantis
550 2048 670 2117 silentii,
689 2067 741 2106 nec
752 2045 872 2104 tribuno
887 2045 943 2105 ob·

265 2130 364 2209 jiciens
403 2129 535 2192 eamdem
569 2129 782 2189 conscientiam.
814 2126 946 2208 Sequitm

267 2210 355 2272 caedes
373 2211 473 2272 Annaei
492 2213 623 2282 Senecae,
640 2210 782 2269 laetissima
802 2209 946 2291 principi,

268 2314 328 2354 non
347 2295 415 2375 quia
435 2293 637 2374 conjurationis
656 2287 837 2350 manifestum
860 2311 945 2350 oom-

262 2393 395 2458 ‚pererat,
410 2375 458 2436 sed
479 2395 510 2436 ut
529 2373 605 2436 ferro
624 2392 812 2456 grassaretur,
827 2372 947 2454 quando

269 2477 409 2516 venenum
439 2479 498 2518 non
525 2472 701 2536 processerat.
726 2454 811 2514 Solus
841 2457 949 2542 quippe

270 2537 401 2611 Natalis,
414 2548 441 2600 &
460 2535 594 2600 hastenus
607 2538 745 2617 prompsit
759 2559 767 2596 t
787 2537 908 2594 missum
917 2557 949 2596 se

270 2623 309 2680 cd
319 2639 443 2700 aegrotum
453 2619 603 2689 Senecam,
613 2619 656 2676 uti
668 2619 773 2677 viseret
780 2663 794 2686 ,
804 2639 950 2694 conquere-

271 2721 409 2778 returque,
431 2723 479 2762 cur
495 2701 628 2760 Pisonem
647 2701 725 2758 aditu
746 2706 871 2757 arceret?
893 2719 950 2756 me·

268 2784 327 2864 (ius
335 2784 423 2862 fore,
443 2784 472 2846 si
485 2780 790 2859 amiciricmfamiliari
804 2789 952 2860 congressu
