2000 3684
165 325 404 402 Aunnrruu
427 329 512 402 ltu.
538 327 641 402 XIII.
691 353 736 420 97

109 441 164 507 'Xl
185 449 305 512 Claudio
323 451 459 522 Nerone,
475 451 510 512 L.
529 449 652 512 Antistio
668 471 738 512 coss.

86 531 207 605 quanin
232 537 293 594 acia
314 535 472 614 principum
490 539 613 613 jurarent
634 533 739 615 magis·

85 623 174 680 tratur,
189 614 217 672 in
234 637 284 674 sua
303 621 363 675 ulia
380 615 512 694 collegam
526 613 602 674 Anti
622 611 679 672 ium
689 615 740 694 ju·

84 707 135 747 rare
149 691 308 770 prohibuit:
327 697 438 780 magnis
455 713 569 776 patrum
620 693 741 766 udibus,

84 785 111 826 ¹¹1
125 774 243 848 iuvenilis
267 777 403 849 animus,
425 777 532 836 levium
558 793 672 870 quocpue
697 796 741 835 re-

82 867 135 908 rum
150 854 237 938 glorid
258 857 399 927 sublatus,
419 864 539 937 majores
556 873 742 920 continuaret.

85 929 223 1016 Secutaque
233 939 332 998 lenitas
342 940 376 998 in
391 937 535 998 Plautium
550 937 743 1010 Lateranum,

84 1030 157 1091 quem
180 1017 217 1076 ob
246 1020 415 1079 adulterium
443 1019 614 1080 Messallinz
645 1017 743 1080 ordine

84 1109 232 1169 remotum,
262 1100 386 1160 reddidit
409 1103 547 1172 senatui,
573 1101 744 1160 clementiam

83 1193 151 1234 suam
162 1178 333 1266 obstringens
348 1181 449 1240 crebris
463 1181 638 1241 orationibus
647 1228 659 1251 ‚
674 1203 743 1264 quas

84 1254 193 1331 Seneca,
222 1261 397 1322 testificando
424 1261 511 1344 quim
539 1259 654 1322 honesta
677 1283 744 1344 prae·

85 1337 193 1416 ciperet,
211 1345 257 1402 vel
270 1343 402 1424 'jactandi
423 1344 553 1428 ingenii,
578 1363 649 1406 voce
668 1346 744 1426 prin-

23 1496 24 1499 Ἴ
83 1417 141 1498 cipis
156 1422 298 1503 vulgabat.

96 1500 177 1590 ΙΧΠ.
196 1503 330 1566 Ceterum
346 1505 465 1566 infracta
481 1507 627 1586 paullatim
643 1525 744 1586 poten-

85 1593 117 1639 tra
145 1588 255 1658 matris,
284 1587 398 1667 delapso
425 1588 539 1646 Nerone
564 1589 594 1647 in
618 1607 745 1648 amorem

84 1659 196 1737 liberte,
218 1671 263 1728 cui
281 1669 452 1728 vocabulum
473 1667 541 1728 Alie
559 1665 612 1728 fuit
635 1691 641 1725 :
662 1669 747 1730 simul

84 1740 222 1827 adsumptis
257 1751 288 1808 in
324 1751 523 1810 conscientiam
565 1745 683 1810 Othone
717 1759 746 1812 dc

83 1821 196 1889 Claudio
217 1831 397 1902 Senecione,
425 1831 638 1892 adolescentulis
661 1830 745 1892 deco·

83 1905 114 1964 ris
133 1932 139 1964 :
160 1928 279 1992 quorum
298 1910 381 1972 Otho
400 1911 509 1972 famili&
523 1913 679 1986 consulari,
696 1913 746 1974 Se·

83 1990 155 2049 necio
168 1993 270 2053 liberto
283 1993 405 2054 Caesaris
415 2014 492 2074 patre
505 1997 630 2078 genitus,
646 1993 746 2078 ignardi

82 2087 185 2143 matre,
211 2074 279 2134 dein
308 2073 405 2134 frustra
427 2075 605 2154 obnitente,
636 2077 747 2156 penitus

27 2161 31 2168 ’
83 2150 241 2233 inrepserant
259 2156 411 2234 periurum
424 2165 451 2214 &
466 2159 601 2240 ambigua
618 2176 747 2217 secreta:

82 2252 113 2300 ne
136 2236 318 2296 severioribus
347 2235 461 2317 quidem
493 2237 623 2318 principis
648 2237 749 2297 amicis

83 2312 306 2388 adversantibus,
337 2317 519 2391 muliercula,
548 2316 625 2377 nulli
660 2321 748 2398 cujus-

81 2415 160 2473 quam
189 2396 293 2478 injurii
307 2444 319 2468 ,
354 2399 496 2478 cupidines
530 2397 661 2480 principis
696 2419 745 2458 ex·

82 2476 166 2551 plente
181 2502 188 2536 :
205 2480 322 2562 quando
341 2495 425 2538 uxore
443 2481 480 2539 ab
495 2479 637 2551 Oclavia,
655 2479 750 2540 nobili

81 2556 209 2636 quidem,
226 2561 415 2640 &probitatis
432 2564 580 2641 speciatae,
602 2559 662 2621 fato
679 2583 747 2699 puo-

82 2637 162 2712 dim,
183 2663 221 2703 an
242 2643 310 2722 quia
331 2643 479 2722 pruvalent
497 2643 625 2714 inlicita,
644 2643 680 2702 ab
702 2664 747 2701 or·

81 2719 178 2780 rebat:
197 2722 445 2804 metuebaturque,
461 2744 496 2782 ne
512 2725 541 2783 in
559 2721 648 2804 stupra
668 2721 747 2783 femi·

80 2824 174 2862 narum
191 2801 350 2864 inlustrium
367 2824 573 2886 prorumperet,
594 2807 618 2864 si
640 2803 688 2864 illd
710 2805 746 2865 li·

81 2881 171 2943 bidine
190 2882 390 2968 prohiberetur.
469 2919 472 2923 ²

123 2965 201 3028 Tum.
225 2967 267 3027 ΙΙ.
600 2964 627 3026 Ε
