2000 3684
256 335 491 405 Amutrium
516 341 653 404 Norat.
731 359 791 416 407

151 462 178 516 3.
193 447 265 501 Illum
277 449 359 500 demde
369 449 419 514 ejus
429 449 568 498 adulterum.
578 449 714 518 Relegatus
727 451 793 501 enim

108 525 209 576 Seneca
220 523 272 589 port
284 523 427 591 quaesturam
436 523 561 573 aclaudsso
570 562 577 584 ,
587 526 618 576 ob
626 523 793 589 suspicionem

110 599 230 650 adulterii
239 615 294 648 cum
305 596 367 648 Julia
381 597 523 648 Germanici
532 595 581 645 filia
590 598 794 657 ,Viniciiuxore.

152 689 180 734 4.
198 670 242 721 Ter
256 670 346 720 millies
358 669 493 732 sestertium.
508 669 615 721 Libellos
631 671 795 722 Turonenses

115 757 269 812 375oooeo.

157 837 179 882 5.
194 819 299 870 Veterem
312 833 342 865 ae
357 819 530 883 domiparram.
544 817 580 866 lta
591 817 730 868 emendavit
742 815 796 870 Iac.

118 893 264 945 Gronovius
277 907 308 940 ex
324 889 410 940 codice
427 891 495 942 Flor.
508 890 533 939 in
545 907 593 956 quo
605 893 721 942 scribitur
735 905 797 942 vete.

117 983 165 1016 rem
179 984 208 1015 ac
220 965 251 1014 dd
267 979 360 1031 parram
380 965 477 1031 :idque
496 964 693 1030 praecedentibus
713 976 797 1029 aptum

118 1041 195 1107 tnagis
206 1042 279 1105 quim
289 1040 390 1104 vulgata
401 1038 474 1088 tellio
483 1076 489 1101 ,
499 1053 596 1087 veterem
605 1056 634 1087 ac
642 1040 682 1086 diu
691 1051 797 1104 partam.

123 1125 129 1134 ·
157 1112 248 1162 XLlll.
266 1127 291 1164 1.
311 1109 491 1178 inquisitionem
513 1129 625 1162 annuam.
643 1113 723 1162 Unius
739 1110 797 1162 anni

121 1187 242 1252 spatium,
264 1196 291 1234 ut
312 1187 394 1234 Asiam
412 1195 587 1252 peragrarent,
605 1185 751 1252 criminaque
773 1183 799 1236 &

122 1259 197 1309 testes
208 1259 232 1308 in
243 1257 343 1308 Suilium
356 1258 545 1324 conquirerent.

161 1350 187 1383 2.
209 1331 243 1404 Q.
263 1331 428 1398 Pomponium.
442 1333 465 1382 ls
476 1333 614 1398 appellatur
628 1331 692 1382 Ann.
705 1329 737 1390 6.
754 1331 799 1384 18·

122 1407 166 1459 De
177 1409 244 1456 bello
260 1406 343 1460 civili,
360 1405 389 1453 ad
405 1407 471 1471 quod
485 1405 518 1455 sit
534 1407 663 1466 detrusus,
675 1403 720 1454 alia
732 1405 800 1454 nulla

122 1481 217 1532 mentio
229 1479 254 1528 in
269 1478 307 1528 his
319 1478 398 1529 libris.
409 1478 519 1531 Videtur
530 1479 589 1528 illud
599 1477 722 1545 intelligi,
734 1477 801 1543 quod

122 1573 138 1606 a
156 1554 316 1603 Scriboniano
330 1563 425 1601 motum
442 1553 475 1601 est
491 1567 555 1601 anno
570 1551 667 1602 Claudii
679 1552 801 1604 secundo.

122 1629 192 1678 Vide
208 1626 280 1678 Plinii
291 1625 364 1691 Epist.
378 1640 390 1688 3
402 1662 410 1683 ,
421 1626 460 1676 16.
471 1624 599 1684 Aliorum,
612 1624 653 1692 qui
664 1635 803 1690 sequuntur

123 1701 178 1753 iere
192 1700 303 1749 meminit
319 1699 413 1749 Seneca
428 1698 452 1747 in
469 1699 528 1748 ludo
544 1699 574 1747 de
593 1709 673 1748 morte
693 1697 802 1750 Claudii.
889 1757 890 1760 Ἴ

124 1775 190 1832 Vide
207 1774 235 1824 dt
249 1774 395 1825 Suetonium
417 1771 442 1820 in
461 1771 566 1823 claudio
583 1785 627 1834 29.
847 1827 849 1833 Α

128 1869 132 1878 ’
163 1865 189 1915 3.
207 1847 325 1914 Adempta
344 1845 455 1895 bononem
472 1859 547 1912 parte.
568 1846 664 1910 Nempe
684 1841 802 1907 dimidii,

124 1923 167 1990 qui
181 1937 267 1988 sensus
277 1920 349 1986 hujus
359 1921 443 1975 vocis,
454 1919 553 1985 quoties
562 1915 675 1968 absolute
690 1918 805 1970 sumitur.

126 1996 192 2046 iniri
209 2010 254 2060 pro
271 1996 354 2042 marris
367 2007 410 2041 aur
423 1995 478 2055 avi,
495 1991 606 2042 dedimus
622 2007 675 2041 cum
695 1989 718 2040 J.
732 1989 804 2040 Gro-

126 2071 203 2120 novio
225 2083 257 2116 ex
279 2068 366 2117 codice
387 2067 454 2116 Flos.
472 2069 558 2115 marris
572 2079 615 2113 rur
628 2068 688 2114 avio
704 2081 712 2114 .·
727 2063 802 2131 idque

127 2140 269 2202 coniedluri
287 2150 439 2206 praeceperat
456 2137 645 2189 ereinslemius.

165 2214 258 2266 XLIV.
272 2229 295 2261 ι.
309 2213 415 2262 Libidine
430 2215 544 2280 seposita.
559 2208 634 2260 lmmd
652 2207 757 2266 libidini.
775 2217 804 2260 ut

128 2287 184 2340 'vult
198 2287 342 2340 Gronovius
357 2291 379 2335 dt
391 2287 441 2336 alii.
457 2286 592 2352 Sequentia
605 2283 627 2331 ti·
640 2283 715 2347 questu
728 2286 806 2332 incen-

130 2372 184 2424 sus,
200 2360 284 2410 mendi
301 2360 380 2426 arguit
392 2360 471 2409 codex
487 2359 555 2409 Flor.
570 2359 594 2406 in
610 2373 659 2424 quo
675 2356 805 2418 scribitur,

132 2437 156 2485 d·
166 2433 262 2502 quastim
273 2451 369 2494 census,
380 2433 446 2498 quod
457 2433 492 2484 sic
507 2431 606 2499 refingit
625 2429 754 2489 silenus,
767 2443 806 2480 at·

132 2513 218 2581 quoire
229 2507 345 2573 insenius.
355 2507 420 2557 Infra
430 2523 475 2574 pro
484 2506 559 2555 ulrum
571 2523 620 2554 esse
629 2540 638 2564 ,
653 2504 736 2554 mallet
748 2504 806 2570 Lip-

132 2583 182 2634 siu's
198 2582 272 2632 ultum
288 2589 344 2633 isse.

170 2672 195 2705 2.
210 2655 270 2722 lege
284 2657 311 2704 de
322 2655 418 2704 ricarlis
429 2655 603 2704 condemnatur.
617 2649 744 2714 Ademptis
756 2651 805 2698 be·

135 2729 171 2780 nis
188 2731 314 2788 omnibus,
331 2730 355 2776 in
372 2729 475 2776 insulam
493 2727 647 2791 deportatur.
665 2722 723 2774 Haec
741 2725 807 2774 enim

135 2820 206 2870 poena
221 2804 284 2871 legis
305 2801 429 2852 Corneliae
447 2800 478 2851 de
495 2798 599 2851 sicariis·
