<?xml version="1.0" encoding="UTF-8"?>
<!DOCTYPE html PUBLIC "-//W3C//DTD XHTML 1.0 Transitional//EN"
    "http://www.w3.org/TR/xhtml1/DTD/xhtml1-transitional.dtd">
<html xmlns="http://www.w3.org/1999/xhtml" xml:lang="en" lang="en">
 <head>
  <title>
</title>
<meta http-equiv="Content-Type" content="text/html;charset=utf-8" />
  <meta name='ocr-system' content='tesseract 3.04.00' />
  <meta name='ocr-capabilities' content='ocr_page ocr_carea ocr_par ocr_line ocrx_word'/>
</head>
<body>
  <div class='ocr_page' id='page_1' title='image "./ccorneliitaciti01lallgoog_0351.png"; bbox 0 0 2000 3684; ppageno 0'>
   <div class='ocr_carea' id='block_1_1' title="bbox 70 345 806 561">
    <p class='ocr_par' dir='ltr' id='par_1_1' title="bbox 70 345 806 561">
     <span class='ocr_line' id='line_1_1' title="bbox 204 345 806 436; baseline 0.002 -20"><span class='ocrx_word' id='word_1_1' title='bbox 204 345 606 417; x_wconf 60' lang='lat' dir='ltr'>Ac‘nrcorA.</span> <span class='ocrx_word' id='word_1_2' title='bbox 679 365 806 436; x_wconf 63' lang='lat'>&#39;³39‘</span> 
     </span>
     <span class='ocr_line' id='line_1_2' title="bbox 70 466 752 561; baseline 0.004 -35"><span class='ocrx_word' id='word_1_3' title='bbox 70 466 159 527; x_wconf 87' lang='lat' dir='ltr'>bello.</span> <span class='ocrx_word' id='word_1_4' title='bbox 182 466 221 561; x_wconf 80' lang='lat' dir='ltr'>Et</span> <span class='ocrx_word' id='word_1_5' title='bbox 242 488 331 548; x_wconf 89' lang='lat' dir='ltr'>quum</span> <span class='ocrx_word' id='word_1_6' title='bbox 357 467 478 528; x_wconf 87' lang='lat' dir='ltr'>Cerialis</span> <span class='ocrx_word' id='word_1_7' title='bbox 497 467 613 549; x_wconf 88' lang='lat' dir='ltr'>quidem</span> <span class='ocrx_word' id='word_1_8' title='bbox 639 467 752 529; x_wconf 84' lang='lat' dir='ltr'>alterius</span> 
     </span>
    </p>
   </div>
   <div class='ocr_carea' id='block_1_2' title="bbox 68 547 757 2909">
    <p class='ocr_par' dir='ltr' id='par_1_2' title="bbox 68 547 753 1036">
     <span class='ocr_line' id='line_1_3' title="bbox 68 547 753 629; baseline 0 -20"><span class='ocrx_word' id='word_1_9' title='bbox 68 569 235 610; x_wconf 80' lang='lat' dir='ltr'>successons</span> <span class='ocrx_word' id='word_1_10' title='bbox 261 570 356 607; x_wconf 86' lang='lat' dir='ltr'>cutam</span> <span class='ocrx_word' id='word_1_11' title='bbox 393 547 558 629; x_wconf 79' lang='lat' dir='ltr'>famamque</span> <span class='ocrx_word' id='word_1_12' title='bbox 592 547 753 622; x_wconf 82' lang='lat' dir='ltr'>obruisset,</span> 
     </span>
     <span class='ocr_line' id='line_1_4' title="bbox 69 629 751 710; baseline -0.001 -19"><span class='ocrx_word' id='word_1_13' title='bbox 69 629 204 692; x_wconf 79' lang='lat' dir='ltr'>rustinuit</span> <span class='ocrx_word' id='word_1_14' title='bbox 220 651 334 710; x_wconf 90' lang='lat' dir='ltr'>quoque</span> <span class='ocrx_word' id='word_1_15' title='bbox 349 631 455 688; x_wconf 90' lang='lat' dir='ltr'>molem</span> <span class='ocrx_word' id='word_1_16' title='bbox 469 630 558 690; x_wconf 87' lang='lat' dir='ltr'><strong>Julius</strong></span> <span class='ocrx_word' id='word_1_17' title='bbox 579 630 751 702; x_wconf 83' lang='lat' dir='ltr'>Frontinus,</span> 
     </span>
     <span class='ocr_line' id='line_1_5' title="bbox 68 710 752 794; baseline 0.001 -23"><span class='ocrx_word' id='word_1_18' title='bbox 68 713 116 772; x_wconf 84' lang='lat' dir='ltr'>vir</span> <span class='ocrx_word' id='word_1_19' title='bbox 128 732 266 794; x_wconf 83' lang='lat' dir='ltr'>magnus,</span> <span class='ocrx_word' id='word_1_20' title='bbox 280 729 417 791; x_wconf 89' lang='lat' dir='ltr'>quantum</span> <span class='ocrx_word' id='word_1_21' title='bbox 433 712 555 782; x_wconf 86' lang='lat' dir='ltr'>licebat,</span> <span class='ocrx_word' id='word_1_22' title='bbox 568 710 752 794; x_wconf 80' lang='lat' dir='ltr'>validamque</span> 
     </span>
     <span class='ocr_line' id='line_1_6' title="bbox 70 792 752 876; baseline -0.004 -23"><span class='ocrx_word' id='word_1_23' title='bbox 70 801 102 853; x_wconf 90' lang='lat'>&amp;</span> <span class='ocrx_word' id='word_1_24' title='bbox 123 813 282 876; x_wconf 84' lang='lat' dir='ltr'>pugnacem</span> <span class='ocrx_word' id='word_1_25' title='bbox 305 792 428 852; x_wconf 88' lang='lat' dir='ltr'>Silurum</span> <span class='ocrx_word' id='word_1_26' title='bbox 469 811 563 852; x_wconf 86' lang='lat' dir='ltr'>entem</span> <span class='ocrx_word' id='word_1_27' title='bbox 582 795 666 852; x_wconf 87' lang='lat' dir='ltr'>armis</span> <span class='ocrx_word' id='word_1_28' title='bbox 683 793 752 852; x_wconf 92' lang='lat' dir='ltr'>sub-</span> 
     </span>
     <span class='ocr_line' id='line_1_7' title="bbox 70 814 752 956; baseline 0.004 -24"><span class='ocrx_word' id='word_1_29' title='bbox 70 875 135 956; x_wconf 82' lang='lat' dir='ltr'>egit</span> <span class='ocrx_word' id='word_1_30' title='bbox 142 897 152 944; x_wconf 83' lang='lat'><em>3</em></span> <span class='ocrx_word' id='word_1_31' title='bbox 173 892 258 953; x_wconf 77' lang='lat' dir='ltr'>supet</span> <span class='ocrx_word' id='word_1_32' title='bbox 285 875 417 933; x_wconf 84' lang='lat' dir='ltr'>viruttem</span> <span class='ocrx_word' id='word_1_33' title='bbox 445 814 592 946; x_wconf 60' lang='lat' dir='ltr'>dostium,</span> <span class='ocrx_word' id='word_1_34' title='bbox 623 874 752 935; x_wconf 86' lang='lat' dir='ltr'>locorum</span> 
     </span>
     <span class='ocr_line' id='line_1_8' title="bbox 69 954 546 1036; baseline 0.004 -23"><span class='ocrx_word' id='word_1_35' title='bbox 69 975 189 1036; x_wconf 84' lang='lat' dir='ltr'>quoque</span> <span class='ocrx_word' id='word_1_36' title='bbox 206 954 381 1014; x_wconf 84' lang='lat' dir='ltr'>difficultates</span> <span class='ocrx_word' id='word_1_37' title='bbox 403 954 546 1015; x_wconf 74' lang='lat' dir='ltr'>eludlatus.</span> 
     </span>
    </p>

    <p class='ocr_par' dir='ltr' id='par_1_3' title="bbox 70 1033 757 2909">
     <span class='ocr_line' id='line_1_9' title="bbox 114 1033 752 1107; baseline 0.006 -13"><span class='ocrx_word' id='word_1_38' title='bbox 114 1035 185 1095; x_wconf 90' lang='lat' dir='ltr'>XV</span> <span class='ocrx_word' id='word_1_39' title='bbox 195 1035 209 1094; x_wconf 93' lang='lat' dir='ltr'>I</span> <span class='ocrx_word' id='word_1_40' title='bbox 219 1036 267 1100; x_wconf 85' lang='lat' dir='ltr'>lJ.</span> <span class='ocrx_word' id='word_1_41' title='bbox 288 1035 374 1095; x_wconf 89' lang='lat' dir='ltr'>Hunc</span> <span class='ocrx_word' id='word_1_42' title='bbox 390 1036 541 1096; x_wconf 72' lang='lat' dir='ltr'>britanniae</span> <span class='ocrx_word' id='word_1_43' title='bbox 562 1034 684 1107; x_wconf 78' lang='lat' dir='ltr'>stactam,</span> <span class='ocrx_word' id='word_1_44' title='bbox 700 1033 752 1098; x_wconf 83' lang='lat' dir='ltr'>has</span> 
     </span>
     <span class='ocr_line' id='line_1_10' title="bbox 71 1113 754 1196; baseline 0.003 -21"><span class='ocrx_word' id='word_1_45' title='bbox 71 1116 214 1176; x_wconf 88' lang='lat' dir='ltr'>bellorum</span> <span class='ocrx_word' id='word_1_46' title='bbox 239 1120 315 1176; x_wconf 83' lang='lat' dir='ltr'>vices</span> <span class='ocrx_word' id='word_1_47' title='bbox 341 1116 435 1176; x_wconf 63' lang='lat' dir='ltr'>medii</span> <span class='ocrx_word' id='word_1_48' title='bbox 457 1122 516 1196; x_wconf 90' lang='lat' dir='ltr'>jam</span> <span class='ocrx_word' id='word_1_49' title='bbox 545 1113 635 1176; x_wconf 82' lang='lat' dir='ltr'>aellate</span> <span class='ocrx_word' id='word_1_50' title='bbox 657 1135 754 1177; x_wconf 58' lang='lat' dir='ltr'>trans*</span> 
     </span>
     <span class='ocr_line' id='line_1_11' title="bbox 70 1198 756 1280; baseline 0.001 -23"><span class='ocrx_word' id='word_1_51' title='bbox 70 1219 182 1280; x_wconf 83' lang='lat' dir='ltr'>gressus</span> <span class='ocrx_word' id='word_1_52' title='bbox 195 1198 330 1279; x_wconf 80' lang='lat' dir='ltr'>Agricola</span> <span class='ocrx_word' id='word_1_53' title='bbox 342 1200 468 1268; x_wconf 83' lang='lat' dir='ltr'>invenit,</span> <span class='ocrx_word' id='word_1_54' title='bbox 485 1219 574 1280; x_wconf 91' lang='lat' dir='ltr'>quum</span> <span class='ocrx_word' id='word_1_55' title='bbox 586 1207 613 1258; x_wconf 85' lang='lat'>&amp;</span> <span class='ocrx_word' id='word_1_56' title='bbox 628 1199 730 1258; x_wconf 80' lang='lat' dir='ltr'>milites</span> <span class='ocrx_word' id='word_1_57' title='bbox 745 1243 756 1275; x_wconf 85' lang='lat'>,</span> 
     </span>
     <span class='ocr_line' id='line_1_12' title="bbox 71 1278 753 1359; baseline 0.001 -22"><span class='ocrx_word' id='word_1_58' title='bbox 71 1280 152 1338; x_wconf 82' lang='lat' dir='ltr'>velut</span> <span class='ocrx_word' id='word_1_59' title='bbox 171 1278 275 1338; x_wconf 65' lang='lat' dir='ltr'>omissi</span> <span class='ocrx_word' id='word_1_60' title='bbox 287 1280 480 1359; x_wconf 86' lang='lat' dir='ltr'>expeditione,</span> <span class='ocrx_word' id='word_1_61' title='bbox 498 1279 535 1339; x_wconf 86' lang='lat' dir='ltr'>ad</span> <span class='ocrx_word' id='word_1_62' title='bbox 556 1281 753 1353; x_wconf 79' lang='lat' dir='ltr'>securitatem,</span> 
     </span>
     <span class='ocr_line' id='line_1_13' title="bbox 71 1358 754 1438; baseline 0.003 -18"><span class='ocrx_word' id='word_1_63' title='bbox 71 1368 103 1420; x_wconf 69' lang='grc' dir='ltr'><strong>ἃ</strong></span> <span class='ocrx_word' id='word_1_64' title='bbox 127 1358 219 1420; x_wconf 84' lang='lat' dir='ltr'>hostes</span> <span class='ocrx_word' id='word_1_65' title='bbox 241 1359 278 1419; x_wconf 87' lang='lat' dir='ltr'>ad</span> <span class='ocrx_word' id='word_1_66' title='bbox 298 1363 477 1420; x_wconf 87' lang='lat' dir='ltr'>occasionem</span> <span class='ocrx_word' id='word_1_67' title='bbox 499 1379 675 1438; x_wconf 80' lang='lat' dir='ltr'>verterentur.</span> <span class='ocrx_word' id='word_1_68' title='bbox 697 1362 754 1422; x_wconf 87' lang='lat' dir='ltr'>Ot-</span> 
     </span>
     <span class='ocr_line' id='line_1_14' title="bbox 73 1439 753 1517; baseline 0.003 -16"><span class='ocrx_word' id='word_1_69' title='bbox 73 1440 210 1501; x_wconf 81' lang='lat' dir='ltr'>tlovicum</span> <span class='ocrx_word' id='word_1_70' title='bbox 232 1443 346 1517; x_wconf 83' lang='lat' dir='ltr'>civitas,</span> <span class='ocrx_word' id='word_1_71' title='bbox 367 1439 443 1500; x_wconf 87' lang='lat' dir='ltr'>baud</span> <span class='ocrx_word' id='word_1_72' title='bbox 460 1441 551 1501; x_wconf 77' lang='lat' dir='ltr'>multo</span> <span class='ocrx_word' id='word_1_73' title='bbox 568 1461 631 1501; x_wconf 90' lang='lat' dir='ltr'>ante</span> <span class='ocrx_word' id='word_1_74' title='bbox 649 1442 753 1503; x_wconf 85' lang='lat' dir='ltr'>adven-</span> 
     </span>
     <span class='ocr_line' id='line_1_15' title="bbox 70 1519 755 1606; baseline 0.003 -25"><span class='ocrx_word' id='word_1_75' title='bbox 70 1541 138 1582; x_wconf 85' lang='lat' dir='ltr'>tum</span> <span class='ocrx_word' id='word_1_76' title='bbox 160 1528 238 1602; x_wconf 82' lang='lat' dir='ltr'>ejus,</span> <span class='ocrx_word' id='word_1_77' title='bbox 263 1523 339 1581; x_wconf 87' lang='lat' dir='ltr'>alam</span> <span class='ocrx_word' id='word_1_78' title='bbox 363 1524 393 1580; x_wconf 90' lang='lat' dir='ltr'>in</span> <span class='ocrx_word' id='word_1_79' title='bbox 417 1519 520 1582; x_wconf 84' lang='lat' dir='ltr'>linibus</span> <span class='ocrx_word' id='word_1_80' title='bbox 540 1524 597 1582; x_wconf 88' lang='lat' dir='ltr'>suis</span> <span class='ocrx_word' id='word_1_81' title='bbox 620 1543 755 1606; x_wconf 83' lang='lat' dir='ltr'>agentem</span> 
     </span>
     <span class='ocr_line' id='line_1_16' title="bbox 73 1602 754 1685; baseline 0.003 -23"><span class='ocrx_word' id='word_1_82' title='bbox 73 1605 163 1685; x_wconf 72' lang='lat' dir='ltr'>prope</span> <span class='ocrx_word' id='word_1_83' title='bbox 181 1602 339 1663; x_wconf 84' lang='lat' dir='ltr'>universam</span> <span class='ocrx_word' id='word_1_84' title='bbox 358 1603 536 1662; x_wconf 83' lang='lat' dir='ltr'>obtriverat:</span> <span class='ocrx_word' id='word_1_85' title='bbox 557 1623 647 1684; x_wconf 92' lang='lat' dir='ltr'>eoque</span> <span class='ocrx_word' id='word_1_86' title='bbox 670 1606 754 1664; x_wconf 90' lang='lat' dir='ltr'>initio</span> 
     </span>
     <span class='ocr_line' id='line_1_17' title="bbox 73 1685 755 1767; baseline 0.003 -25"><span class='ocrx_word' id='word_1_87' title='bbox 73 1689 167 1746; x_wconf 68' lang='lat' dir='ltr'>ereda</span> <span class='ocrx_word' id='word_1_88' title='bbox 193 1687 360 1767; x_wconf 84' lang='lat' dir='ltr'>provincia,</span> <span class='ocrx_word' id='word_1_89' title='bbox 385 1703 416 1742; x_wconf 91' lang='lat' dir='ltr'>ut</span> <span class='ocrx_word' id='word_1_90' title='bbox 437 1685 539 1765; x_wconf 91' lang='lat' dir='ltr'>quibus</span> <span class='ocrx_word' id='word_1_91' title='bbox 569 1685 674 1744; x_wconf 89' lang='lat' dir='ltr'>bellum</span> <span class='ocrx_word' id='word_1_92' title='bbox 693 1707 755 1746; x_wconf 88' lang='lat' dir='ltr'>vo-</span> 
     </span>
     <span class='ocr_line' id='line_1_18' title="bbox 75 1765 755 1846; baseline 0.001 -20"><span class='ocrx_word' id='word_1_93' title='bbox 75 1768 199 1827; x_wconf 86' lang='lat' dir='ltr'>lentibus</span> <span class='ocrx_word' id='word_1_94' title='bbox 223 1785 312 1836; x_wconf 87' lang='lat' dir='ltr'>etat,</span> <span class='ocrx_word' id='word_1_95' title='bbox 343 1765 461 1846; x_wconf 84' lang='lat' dir='ltr'>probate</span> <span class='ocrx_word' id='word_1_96' title='bbox 493 1766 674 1846; x_wconf 83' lang='lat' dir='ltr'>exemplum,</span> <span class='ocrx_word' id='word_1_97' title='bbox 705 1787 755 1827; x_wconf 88' lang='lat' dir='ltr'>aut</span> 
     </span>
     <span class='ocr_line' id='line_1_19' title="bbox 74 1848 755 1930; baseline 0.006 -23"><span class='ocrx_word' id='word_1_98' title='bbox 74 1850 194 1908; x_wconf 88' lang='lat' dir='ltr'>recentis</span> <span class='ocrx_word' id='word_1_99' title='bbox 231 1848 337 1930; x_wconf 83' lang='lat' dir='ltr'>legati.</span> <span class='ocrx_word' id='word_1_100' title='bbox 354 1848 481 1906; x_wconf 88' lang='lat' dir='ltr'>animum</span> <span class='ocrx_word' id='word_1_101' title='bbox 510 1849 636 1928; x_wconf 88' lang='lat' dir='ltr'>oppetiti.</span> <span class='ocrx_word' id='word_1_102' title='bbox 674 1848 755 1911; x_wconf 87' lang='lat' dir='ltr'>Tum</span> 
     </span>
     <span class='ocr_line' id='line_1_20' title="bbox 76 1928 753 2012; baseline 0.003 -23"><span class='ocrx_word' id='word_1_103' title='bbox 76 1930 242 2012; x_wconf 83' lang='lat' dir='ltr'>Agricola,</span> <span class='ocrx_word' id='word_1_104' title='bbox 271 1949 444 2010; x_wconf 78' lang='lat' dir='ltr'>quamquam</span> <span class='ocrx_word' id='word_1_105' title='bbox 475 1932 612 1989; x_wconf 74' lang='lat' dir='ltr'>transacta</span> <span class='ocrx_word' id='word_1_106' title='bbox 648 1928 723 1991; x_wconf 82' lang='lat' dir='ltr'>aestas</span> <span class='ocrx_word' id='word_1_107' title='bbox 740 1978 753 2002; x_wconf 93' lang='lat'>,</span> 
     </span>
     <span class='ocr_line' id='line_1_21' title="bbox 76 2011 754 2092; baseline 0.003 -22"><span class='ocrx_word' id='word_1_108' title='bbox 76 2013 166 2091; x_wconf 88' lang='lat' dir='ltr'>sparsi</span> <span class='ocrx_word' id='word_1_109' title='bbox 180 2031 228 2091; x_wconf 84' lang='lat' dir='ltr'>pet</span> <span class='ocrx_word' id='word_1_110' title='bbox 247 2011 422 2090; x_wconf 82' lang='lat' dir='ltr'>prouinciam</span> <span class='ocrx_word' id='word_1_111' title='bbox 438 2013 567 2081; x_wconf 86' lang='lat' dir='ltr'>numeri,</span> <span class='ocrx_word' id='word_1_112' title='bbox 586 2033 754 2092; x_wconf 84' lang='lat' dir='ltr'>praesumpta</span> 
     </span>
     <span class='ocr_line' id='line_1_22' title="bbox 76 2092 754 2173; baseline 0.001 -21"><span class='ocrx_word' id='word_1_113' title='bbox 76 2092 154 2173; x_wconf 84' lang='lat' dir='ltr'>apud</span> <span class='ocrx_word' id='word_1_114' title='bbox 177 2094 297 2152; x_wconf 86' lang='lat' dir='ltr'>militem</span> <span class='ocrx_word' id='word_1_115' title='bbox 321 2093 395 2152; x_wconf 92' lang='lat' dir='ltr'>illius</span> <span class='ocrx_word' id='word_1_116' title='bbox 416 2095 484 2152; x_wconf 88' lang='lat' dir='ltr'>anni</span> <span class='ocrx_word' id='word_1_117' title='bbox 505 2093 605 2172; x_wconf 88' lang='lat' dir='ltr'>quies,</span> <span class='ocrx_word' id='word_1_118' title='bbox 625 2093 704 2153; x_wconf 87' lang='lat' dir='ltr'>tarda</span> <span class='ocrx_word' id='word_1_119' title='bbox 724 2103 754 2153; x_wconf 72' lang='lat' dir='ltr'>dc</span> 
     </span>
     <span class='ocr_line' id='line_1_23' title="bbox 76 2171 756 2255; baseline 0 -23"><span class='ocrx_word' id='word_1_120' title='bbox 76 2176 217 2234; x_wconf 89' lang='lat' dir='ltr'>contraria</span> <span class='ocrx_word' id='word_1_121' title='bbox 242 2174 346 2231; x_wconf 90' lang='lat' dir='ltr'>bellum</span> <span class='ocrx_word' id='word_1_122' title='bbox 380 2171 569 2241; x_wconf 83' lang='lat' dir='ltr'>inchoaturo,</span> <span class='ocrx_word' id='word_1_123' title='bbox 601 2182 628 2232; x_wconf 89' lang='lat'>&amp;</span> <span class='ocrx_word' id='word_1_124' title='bbox 661 2175 756 2255; x_wconf 87' lang='lat' dir='ltr'>pletis-</span> 
     </span>
     <span class='ocr_line' id='line_1_24' title="bbox 76 2251 756 2336; baseline -0.001 -23"><span class='ocrx_word' id='word_1_125' title='bbox 76 2275 134 2336; x_wconf 90' lang='lat' dir='ltr'>que</span> <span class='ocrx_word' id='word_1_126' title='bbox 165 2254 295 2314; x_wconf 88' lang='lat' dir='ltr'>custodiri</span> <span class='ocrx_word' id='word_1_127' title='bbox 315 2258 439 2333; x_wconf 75' lang='lat' dir='ltr'>suspecta</span> <span class='ocrx_word' id='word_1_128' title='bbox 468 2251 560 2333; x_wconf 83' lang='lat' dir='ltr'>potitis</span> <span class='ocrx_word' id='word_1_129' title='bbox 583 2253 756 2327; x_wconf 82' lang='lat' dir='ltr'>videbatur,</span> 
     </span>
     <span class='ocr_line' id='line_1_25' title="bbox 76 2333 756 2396; baseline 0.001 -1"><span class='ocrx_word' id='word_1_130' title='bbox 76 2337 119 2395; x_wconf 87' lang='lat' dir='ltr'>ite</span> <span class='ocrx_word' id='word_1_131' title='bbox 138 2336 255 2396; x_wconf 88' lang='lat' dir='ltr'>obviam</span> <span class='ocrx_word' id='word_1_132' title='bbox 275 2333 429 2395; x_wconf 86' lang='lat' dir='ltr'>discrimini</span> <span class='ocrx_word' id='word_1_133' title='bbox 447 2333 543 2393; x_wconf 86' lang='lat' dir='ltr'>statuit</span> <span class='ocrx_word' id='word_1_134' title='bbox 563 2357 570 2391; x_wconf 80' lang='lat' dir='ltr'>t</span> <span class='ocrx_word' id='word_1_135' title='bbox 591 2339 756 2396; x_wconf 68' lang='lat' dir='ltr'>contradit-</span> 
     </span>
     <span class='ocr_line' id='line_1_26' title="bbox 77 2415 755 2500; baseline 0.001 -24"><span class='ocrx_word' id='word_1_136' title='bbox 77 2439 135 2499; x_wconf 89' lang='lat' dir='ltr'>que</span> <span class='ocrx_word' id='word_1_137' title='bbox 151 2416 297 2500; x_wconf 88' lang='lat' dir='ltr'>legionum</span> <span class='ocrx_word' id='word_1_138' title='bbox 314 2416 439 2488; x_wconf 84' lang='lat' dir='ltr'>vexillis,</span> <span class='ocrx_word' id='word_1_139' title='bbox 458 2425 485 2477; x_wconf 91' lang='lat'>&amp;</span> <span class='ocrx_word' id='word_1_140' title='bbox 503 2415 617 2476; x_wconf 68' lang='lat' dir='ltr'>modica</span> <span class='ocrx_word' id='word_1_141' title='bbox 637 2417 755 2478; x_wconf 79' lang='lat' dir='ltr'>auxilio-</span> 
     </span>
     <span class='ocr_line' id='line_1_27' title="bbox 77 2498 755 2582; baseline 0.001 -24"><span class='ocrx_word' id='word_1_142' title='bbox 77 2519 142 2558; x_wconf 85' lang='lat' dir='ltr'>rum</span> <span class='ocrx_word' id='word_1_143' title='bbox 161 2520 266 2570; x_wconf 89' lang='lat' dir='ltr'>manu,</span> <span class='ocrx_word' id='word_1_144' title='bbox 288 2499 355 2578; x_wconf 90' lang='lat' dir='ltr'>quia</span> <span class='ocrx_word' id='word_1_145' title='bbox 380 2499 410 2557; x_wconf 90' lang='lat' dir='ltr'>in</span> <span class='ocrx_word' id='word_1_146' title='bbox 430 2518 541 2580; x_wconf 85' lang='lat' dir='ltr'>aequum</span> <span class='ocrx_word' id='word_1_147' title='bbox 563 2498 678 2582; x_wconf 87' lang='lat' dir='ltr'>degredi</span> <span class='ocrx_word' id='word_1_148' title='bbox 696 2500 755 2559; x_wconf 90' lang='lat' dir='ltr'>Ot-</span> 
     </span>
     <span class='ocr_line' id='line_1_28' title="bbox 77 2578 755 2663; baseline 0 -23"><span class='ocrx_word' id='word_1_149' title='bbox 77 2580 193 2640; x_wconf 84' lang='lat' dir='ltr'>dovices</span> <span class='ocrx_word' id='word_1_150' title='bbox 210 2602 269 2640; x_wconf 91' lang='lat' dir='ltr'>non</span> <span class='ocrx_word' id='word_1_151' title='bbox 290 2578 452 2651; x_wconf 90' lang='lat' dir='ltr'>audebant,</span> <span class='ocrx_word' id='word_1_152' title='bbox 470 2582 528 2659; x_wconf 84' lang='lat' dir='ltr'>ipse</span> <span class='ocrx_word' id='word_1_153' title='bbox 544 2599 608 2638; x_wconf 90' lang='lat' dir='ltr'>anre</span> <span class='ocrx_word' id='word_1_154' title='bbox 630 2601 755 2663; x_wconf 85' lang='lat' dir='ltr'>agmen,</span> 
     </span>
     <span class='ocr_line' id='line_1_29' title="bbox 77 2659 757 2743; baseline 0 -22"><span class='ocrx_word' id='word_1_155' title='bbox 77 2659 139 2743; x_wconf 77' lang='lat' dir='ltr'>qud</span> <span class='ocrx_word' id='word_1_156' title='bbox 157 2665 253 2721; x_wconf 83' lang='lat' dir='ltr'>ceteris</span> <span class='ocrx_word' id='word_1_157' title='bbox 270 2672 320 2740; x_wconf 78' lang='lat' dir='ltr'>par</span> <span class='ocrx_word' id='word_1_158' title='bbox 338 2661 449 2719; x_wconf 87' lang='lat' dir='ltr'>animus</span> <span class='ocrx_word' id='word_1_159' title='bbox 467 2661 553 2731; x_wconf 86' lang='lat' dir='ltr'>simili</span> <span class='ocrx_word' id='word_1_160' title='bbox 570 2661 693 2740; x_wconf 87' lang='lat' dir='ltr'>periculo</span> <span class='ocrx_word' id='word_1_161' title='bbox 715 2683 757 2722; x_wconf 81' lang='lat' dir='ltr'>es-</span> 
     </span>
     <span class='ocr_line' id='line_1_30' title="bbox 77 2740 757 2824; baseline 0.001 -22"><span class='ocrx_word' id='word_1_162' title='bbox 77 2761 142 2812; x_wconf 86' lang='lat' dir='ltr'>set,</span> <span class='ocrx_word' id='word_1_163' title='bbox 170 2745 256 2802; x_wconf 84' lang='lat' dir='ltr'>eterit</span> <span class='ocrx_word' id='word_1_164' title='bbox 282 2742 401 2814; x_wconf 86' lang='lat' dir='ltr'>aciem3</span> <span class='ocrx_word' id='word_1_165' title='bbox 429 2740 497 2800; x_wconf 75' lang='lat' dir='ltr'>caesai</span> <span class='ocrx_word' id='word_1_166' title='bbox 520 2761 553 2800; x_wconf 95' lang='lat' dir='ltr'>ue</span> <span class='ocrx_word' id='word_1_167' title='bbox 598 2743 666 2824; x_wconf 70' lang='lat' dir='ltr'>rope</span> <span class='ocrx_word' id='word_1_168' title='bbox 693 2747 757 2803; x_wconf 92' lang='lat' dir='ltr'>uni·</span> 
     </span>
     <span class='ocr_line' id='line_1_31' title="bbox 76 2763 755 2909; baseline 0.001 -23"><span class='ocrx_word' id='word_1_169' title='bbox 76 2824 159 2886; x_wconf 74' lang='lat' dir='ltr'>vernei</span> <span class='ocrx_word' id='word_1_170' title='bbox 171 2845 254 2909; x_wconf 81' lang='lat' dir='ltr'>gente</span> <span class='ocrx_word' id='word_1_171' title='bbox 261 2866 271 2895; x_wconf 91' lang='lat'>,</span> <span class='ocrx_word' id='word_1_172' title='bbox 284 2843 342 2883; x_wconf 88' lang='lat' dir='ltr'>non</span> <span class='ocrx_word' id='word_1_173' title='bbox 354 2824 484 2906; x_wconf 83' lang='lat' dir='ltr'>ignatus&#39;</span> <span class='ocrx_word' id='word_1_174' title='bbox 531 2763 634 2885; x_wconf 82' lang='lat' dir='ltr'>audiun</span> <span class='ocrx_word' id='word_1_175' title='bbox 651 2821 733 2887; x_wconf 82' lang='lat' dir='ltr'>famae</span> <span class='ocrx_word' id='word_1_176' title='bbox 742 2873 755 2898; x_wconf 87' lang='lat'>,</span> 
     </span>
    </p>
   </div>
   <div class='ocr_carea' id='block_1_3' title="bbox 595 2903 655 2986">
    <p class='ocr_par' dir='ltr' id='par_1_4' title="bbox 595 2903 655 2986">
     <span class='ocr_line' id='line_1_32' title="bbox 595 2903 655 2986; baseline 0 -22"><span class='ocrx_word' id='word_1_177' title='bbox 595 2903 655 2986; x_wconf 68' lang='lat' dir='ltr'>ru</span> 
     </span>
    </p>
   </div>
   <div class='ocr_carea' id='block_1_4' title="bbox 0 0 1014 3684">
    <p class='ocr_par' dir='ltr' id='par_1_5' title="bbox 0 0 1014 3684">
     <span class='ocr_line' id='line_1_33' title="bbox 0 0 1014 3684; baseline 0 0"><span class='ocrx_word' id='word_1_178' title='bbox 0 0 1014 3684; x_wconf 95' lang='lat' dir='ltr'> </span> 
     </span>
    </p>
   </div>
  </div>
 </body>
</html>
