2000 3684
178 319 260 424 '326
311 331 349 402 C.
376 331 530 402 corn.
562 333 768 401 TAchr

184 449 288 513 honori
316 451 459 536 Agricolae
486 451 575 512 soceri
608 452 666 510 me'i
689 446 870 524 destinatusss

184 534 358 616 professione
386 534 519 615 pietatis,
554 551 603 595 aut
631 533 762 594 laudatus
795 537 872 609 erit,

184 635 235 676 aut
256 635 411 677 excusatus.
605 689 609 694 ³
650 649 652 652 ·

226 698 281 759 lv.
307 698 415 760 Cnaeus
433 696 524 758 Julius
545 695 704 781 Agricola3
720 715 820 758 verere
843 705 873 758 δε

182 777 295 840 inlustri
330 780 568 859 forojuliensium
606 779 720 840 colonial
758 791 872 850 ortus‚'

184 878 335 943 utrumque
363 881 449 922 avnm
497 879 688 921 rocuratorem
720 859 873 921 Caesarum

187 938 309 1015 babuit3
324 963 385 1024 quae
405 881 536 1036 egueilris
552 943 686 1002 nobilitas
701 939 741 1001 est
764 964 771 999 ι
812 961 874 1000 ater

186 1023 278 1084 Julius
303 1023 448 1084 Graecinus
470 1025 603 1084 senatorii
623 1023 752 1095 ordinis,
818 1023 874 1104 ‘dio

187 1105 355 1187 eloquentiae
390 1107 589 1188 sapientiaeque
623 1124 736 1176 notus,
777 1106 874 1186 iisque

186 1187 337 1249 virtutibus
346 1189 418 1247 iram
429 1187 499 1248 Caii
508 1187 628 1249 Caesaris
641 1188 763 1247 meritus.
778 1185 874 1246 Nam·

186 1288 241 1348 que
257 1269 391 1328 Marcum
412 1269 542 1330 Silanum
564 1289 693 1330 accusare
711 1273 821 1346 jussus,
842 1277 874 1328 δι

187 1350 256 1430 quia
271 1349 424 1421 abnuerat,
443 1349 605 1410 interfectus
617 1349 665 1411 est.
684 1350 779 1408 Mater
793 1349 874 1410 Julia
897 1347 901 1352 ’

186 1428 309 1490 Procilla
324 1429 397 1502 fnit,
414 1450 481 1491 ratae
496 1431 628 1493 castitatis
648 1455 655 1490 ι
671 1433 701 1492 in
714 1428 796 1510 hujus
807 1432 875 1492 sinu

187 1511 269 1571 indul
290 1515 421 1596 entiaque
460 1513 592 1574 educante
612 1561 625 1586 ,
665 1533 714 1594 pet
750 1533 873 1573 omnem

143 1662 145 1665 Ι
189 1535 371 1666 honeiinurn
387 1596 489 1654 attium
508 1597 613 1656 cultum
634 1595 781 1676 pueritiam
801 1594 874 1654 ado·

188 1674 408 1759 lescentiamque
427 1679 571 1761 transegit.
593 1677 715 1737 Arcebat
742 1697 809 1736 eum
831 1677 874 1736 ab

187 1756 335 1818 inlecebris
360 1762 554 1838 peccantium,
580 1770 675 1839 praeter
698 1759 784 1858 igsius
810 1758 871 1818 bo-

188 1859 257 1897 nam
282 1841 479 1924 integramque
500 1853 648 1912 naturam,
672 1838 750 1922 quod
776 1837 874 1902 statim

226 1921 326 1980 rvulus
349 1920 444 1980 sedem
472 1943 507 1981 ac
530 1920 693 2005 magistram
714 1919 873 1982 studiorum

188 1940 350 2062 isiassiliam
370 1999 517 2076 babuerit,
532 2004 628 2063 locum
654 1999 753 2064 Graeci
775 2007 873 2063 comi-

190 2101 247 2143 tate
281 2093 308 2144 δι
341 2085 508 2165 provinciali
534 2084 709 2166 patrimonii
734 2083 873 2159 mistum,

189 2185 224 2225 ac
244 2165 316 2226 bene
336 2169 535 2248 compositum.
555 2165 700 2236 Memoria
719 2185 802 2226 teneo
824 2189 875 2228 so·

190 2247 273 2307 litum
294 2251 385 2330 ipsum
407 2271 533 2322 narrare,
552 2273 582 2310 se
604 2252 634 2310 in
646 2251 740 2326 prima
761 2251 874 2310 'noenta

184 2331 304 2412 studium
325 2331 507 2407 philosophie
539 2333 651 2404 acrites,
686 2333 771 2400 ultra,
792 2329 875 2408 quclm

192 2432 346 2471 concessum
357 2412 483 2473 Romano
500 2437 532 2475 ce
544 2416 667 2474 senatori
682 2413 826 2483 hausisse,
840 2415 874 2470 ni

186 2497 335 2570 praecientia
356 2497 455 2556 matris
488 2497 626 2556 incensum
652 2517 685 2556 nc
705 2499 872 2575 flagrantem

193 2575 315 2636 animum
338 2580 527 2638 coercuisset:
548 2577 673 2648 scilicet,
702 2576 821 2634 sublime
844 2583 872 2634 lic

193 2660 314 2717 erestnm
332 2661 499 2741 ingenium,
514 2656 748 2742 pulchritudinem
764 2678 797 2716 ac
809 2675 874 2735 spe-

194 2739 266 2798 eiem
284 2742 396 2801 excelsae
412 2762 577 2824 magnaeque
597 2741 692 2822 gloriae
711 2735 870 2799 vehemen-

194 2816 264 2893 titis,
284 2821 373 2906 quim‘
391 2823 470 2886 caute
496 2823 646 2908 appetebat
666 2827 678 2882 ε’
696 2823 765 2882 mox
787 2819 874 2879 miri-
