2000 3684
98 319 102 327 ·
132 277 381 352 Amulium
406 283 489 352 [η.
514 285 619 354 XVI.
669 293 734 374 265

57 401 133 462 birro
155 403 318 482 permittens
340 425 348 460 ε
368 423 401 468 en
416 447 426 474 ,
443 403 570 467 adibus
596 407 714 484 peractis
727 451 741 477 ,

58 483 182 544 ludibria
197 483 407 562 adjiciebantur.

102 565 172 624 XII.
190 565 222 624 P.
242 565 358 636 Gallus,
378 583 461 646 eques
480 563 647 636 Romanus,
661 563 741 648 qudd

59 645 156 719 Penio¹
176 645 254 708 Rufo
275 648 413 715 intimuit.
434 647 574 709 &Veteri
593 669 651 706 non
672 649 740 708 alie·

59 749 114 788 uus
132 728 242 798 fuerat,
255 724 328 808 aquei
342 746 425 808 atque
445 728 506 810 igni
523 723 679 807 prohibitus
692 729 741 790 est.

59 810 179 874 Liberto
215 817 242 868 &
269 809 423 874 accusatori
455 810 601 887 praemiutn
630 830 741 888 opert,

60 891 144 950 iocus
164 890 195 948 in
215 885 336 961 theatro'
348 891 420 948 inter
437 890 558 948 viatores
577 889 743 951 tribunicios

62 971 156 1032 datur.
173 970 212 1030 Et
231 973 350 1042 mensis,
364 971 415 1051 qui
433 970 581 1050 Aprilem,
599 971 743 1030 eumdem-

61 1074 120 1133 que
148 1052 312 1112 Neroneum
336 1051 520 1132 sequebatur,
544 1051 642 1112 Maius
667 1053 744 1112 Clau·

60 1136 125 1206 dii,
139 1133 238 1192 Iunius
251 1133 411 1192 Germanici
422 1133 566 1192 vocabulis
580 1151 742 1194 mutantur:

61 1211 231 1276 testificante
256 1213 394 1276 Cornelio
420 1210 534 1284 Orfito,
555 1212 654 1294 quiid
674 1235 743 1276 ten-

60 1314 176 1367 suerat,
193 1298 253 1356 ideo
271 1295 382 1356 Iunium
399 1317 517 1356 mensem
529 1298 721 1356 transmissum
729 1341 742 1368 ,

60 1380 129 1458 quia
152 1381 205 1438 duo
218 1379 282 1458 jam
310 1377 461 1452 Torquati,
482 1375 514 1434 ob
533 1377 636 1436 scelera
657 1379 743 1438 inter·

54 1460 148 1541 fecii,
163 1460 241 1537 infru
262 1481 307 1518 um
317 1479 412 1516 notter
424 1457 689 1534 Iuniumfecisscut.
734 1485 738 1490 ·

105 1538 191 1600 XIII.
241 1559 274 1600 ot
299 1537 471 1598 facinoribus
501 1536 610 1596 foedutn
635 1557 744 1600 annum

59 1624 156 1686 etiam
175 1621 216 1682 dii
229 1617 441 1700 ⁴tempestatibus
457 1627 484 1678 δι
501 1618 608 1679 morbis
626 1620 745 1702 insigni·

62 1725 142 1769 uere.
170 1699 289 1764 Vasteta
317 1701 479 1780 Campania
504 1699 616 1758 turbine
641 1719 744 1760 rento·

60 1807 152 1855 rum,
179 1786 229 1866 qui
251 1784 351 1852 villus,
373 1779 505 1850 arbusta,
524 1779 617 1862 fruges
639 1784 745 1861 partim

62 1867 176 1944 disjecit
195 1890 202 1923 ε
221 1865 387 1945 pertulitque
405 1862 574 1924 violentiam
595 1860 632 1922 ad
649 1864 745 1925 vicina

62 1949 131 2010 urbi
152 1969 159 2002 ι
183 1949 212 2016 in
231 1967 288 2028 qua
309 1965 395 2007 omne
414 1943 576 2006 mortalium
595 1963 682 2026 genus
699 1946 744 2005 vit

62 2027 230 2110 pestilentiae
251 2025 487 2108 depopulabatur,
511 2022 590 2084 nuiiti
609 2025 674 2084 curii
697 2027 744 2085 in·

61 2109 222 2190 temperie,
243 2129 304 2190 quae
325 2105 594 2168 occurreret-emus.
611 2105 667 2164 Sed
684 2104 742 2164 do·

61 2211 127 2252 mus
151 2191 311 2270 corporibus
331 2189 490 2257 exanimis,
510 2188 610 2247 itinera
630 2183 742 2246 funeri-

61 2272 116 2332 bus
140 2271 381 2351 complebantur:
405 2291 464 2330 non
483 2288 578 2336 serus,
598 2288 658 2328 uon
678 2286 744 2328 aetat

63 2354 194 2434 periculo
213 2374 301 2412 vacua
323 2375 331 2408 t
355 2351 466 2412 servitia
484 2347 599 2428 perinde
619 2357 648 2409 δι
666 2349 745 2432 inger

62 2457 123 2494 nua
144 2433 239 2514 plebes
255 2435 357 2514 raptim
375 2430 533 2514 exstingui,
553 2432 625 2489 inter
638 2436 743 2510 conju-

62 2537 139 2598 gum
165 2525 194 2576 &
221 2515 371 2574 liberorum
402 2513 546 2582 lamenta3
575 2512 648 2591 qui,
673 2511 744 2571 dum

64 2597 219 2667 adsident,
238 2595 304 2656 dum
327 2594 448 2665 deflent,
467 2613 536 2672 saepe
553 2591 656 2650 eodem
670 2613 744 2675 rogo

63 2679 276 2745 cremabantur.
299 2675 438 2758 Equitum
463 2691 677 2752 senatorumque
699 2676 746 2733 in-

11 2819 18 2832 ,
64 2764 187 2832 teritus,
204 2759 334 2837 quamuis
354 2756 524 2839 promiscui,
549 2752 642 2814 minii
657 2756 743 2814 flebi-

106 2843 189 2902 Tom.
212 2839 254 2902 ΙΙ.
586 2834 623 2894 Μ
714 2890 717 2895 ,
