2000 3684
224 359 651 430 Grrnrnrm
707 379 773 456 ης

99 479 191 565 signis
200 481 355 552 nobilitas,
366 499 415 540 aut
428 501 534 564 magna
543 501 651 562 patrum
661 483 778 556 merita,

121 564 236 642 rincipis
253 562 450 646 dignationem
473 565 559 622 etiam
583 561 778 624 adolescentu-

99 583 137 704 lis
155 643 306 726 adsignant
326 667 333 701 z
350 646 434 703 ceteri
449 642 649 704 robustioribus
665 667 698 705 ac
717 651 778 726 jam

98 725 210 820 pridem
234 726 359 805 probaris
377 726 566 808 adgregantur
590 749 598 783 t
620 747 672 786 nec
692 727 777 788 rubor

99 822 174 866 turer
192 809 310 866 comites
331 807 380 867 ads
399 810 445 867 ici.
466 807 579 868 Gradus
600 809 670 888 quin
692 810 778 869 etiarn
824 847 828 855 ·

86 897 131 948 v8(
144 891 202 968 ipse
215 891 365 948 comitatus
421 890 487 960 bet,
498 889 605 968 judicio
619 894 677 968 ejus
692 911 779 970 quem

100 972 241 1030 sestanuu
257 993 264 1026 r
282 989 445 1052 magnaque
465 979 493 1030 δι
509 971 648 1030 comitum
667 971 780 1030 acmula-

100 1053 164 1122 tio,
186 1052 289 1132 quibus
305 1054 410 1132 primus
425 1050 501 1132 apud
523 1053 678 1133 principem
696 1071 778 1112 suum

100 1132 199 1204 locus,
220 1141 249 1193 δι
270 1133 448 1212 principum,
467 1134 514 1192 cui
534 1133 689 1213 plurimi&
706 1153 781 1192 acer·

100 1214 170 1274 rimi
195 1216 321 1275 comites.
346 1212 415 1274 Haec
444 1213 588 1298 dignitas,
617 1211 659 1274 hc
684 1216 779 1288 vires,

20 1355 22 1358 ,
101 1315 213 1378 magno
235 1314 343 1377 semper
362 1297 513 1356 eledorum
534 1303 668 1377 juvenum
688 1297 779 1380 globo

102 1377 289 1450 circumdari,
304 1379 335 1438 in
354 1393 429 1458 pace·
444 1378 547 1450 decus,
565 1379 596 1437 in
610 1378 687 1437 bello
705 1397 779 1457 prce·
853 1439 856 1446 ,

102 1458 217 1520 sidium.
243 1459 306 1519 Nec
322 1460 414 1519 solum
433 1462 464 1518 in
481 1480 532 1518 sua
552 1475 635 1539 gente
655 1460 700 1518 cui
741 1479 780 1531 e,

102 1539 153 1599 sed
170 1540 244 1622 apud
262 1537 398 1600 finitimas
411 1559 525 1627 quoque
543 1541 670 1599 civitates
687 1475 782 1601 iduum

105 1640 192 1694 mcn‚
210 1643 243 1681 ea
262 1623 353 1706 gloria
372 1620 431 1692 est,
451 1623 474 1680 si
493 1641 612 1680 numero
631 1641 664 1679 ac
680 1619 782 1679 virture

35 1764 41 1784 ,
105 1702 256 1763 comitatds
279 1705 403 1762 emineat
428 1725 435 1758 t
456 1717 621 1782 expetuntur
645 1703 722 1760 enirn
741 1701 783 1760 le-

106 1785 288 1879 gationibus,
319 1793 348 1844 dr
379 1783 540 1844 muneribus
569 1797 725 1853 emantur,
756 1790 785 1843 dr

105 1864 166 1947 tpsd
177 1867 340 1948 plerumque
352 1863 430 1925 fami
443 1865 518 1925 bella
531 1867 693 1948 profligant.

146 1948 229 2008 XIV.
254 1948 353 2024 Quum
378 1965 495 2007 ventum
514 1947 545 2007 in
566 1949 678 2016 aciem,
703 1961 783 2025 turpe

105 2030 228 2111 principi
242 2032 343 2090 virtute
359 2031 452 2100 vinci,
469 2047 547 2110 turpe
563 2029 712 2088 comitatui
726 2028 785 2086 vir-

106 2129 197 2170 tutem
219 2112 352 2191 principis
370 2133 429 2170 non
450 2110 604 2192 adxquare.
627 2109 692 2169 Jam
716 2104 784 2168 verd

106 2190 217 2250 infame
235 2194 266 2250 in
284 2211 401 2250 ornnem
421 2192 512 2251 vitam
525 2237 535 2262 ,
549 2211 582 2250 ac
600 2191 784 2270 probrosum,

87 2300 89 2303 ·
105 2271 281 2351 superstitem
297 2272 415 2354 principi
432 2291 482 2331 suo
503 2291 537 2330 ex
555 2271 616 2331 acie
633 2272 782 2331 recessisse.
824 2285 827 2288 “

105 2353 195 2413 Illum
218 2350 386 2431 defendere,
402 2353 491 2422 tueri,
510 2371 558 2413 sua
575 2373 688 2434 quoque
701 2350 787 2412 fortia

107 2431 186 2495 facia
202 2435 309 2516 gloria:
336 2440 395 2512 ejus
419 2433 586 2518 adsignare,
617 2435 786 2514 praecipuum

105 2535 314 2576 sacramentum
343 2515 391 2577 est.
422 2516 563 2597 Principes
585 2532 645 2596 pro
665 2516 787 2576 victoria

7 2643 9 2648 .
107 2616 257 2691 pugnant3
283 2600 409 2658 comites·
423 2619 474 2678 pro
499 2599 631 2678 principe.
660 2596 691 2656 Si
717 2597 788 2654 ciri·

107 2699 173 2750 ms,
195 2699 226 2739 rn
241 2682 369 2760 quaorti
386 2698 467 2749 sunt,
483 2677 572 2762 longd
585 2696 661 2818 pace
683 2684 710 2736 δι
725 2678 787 2735 otio

108 2779 238 2839 torpeat,
258 2761 382 2840 plerique
404 2759 547 2819 nobilium
567 2781 583 2819 a
604 2759 788 2820 olescentiurn

109 2860 208 2923 petunt
231 2841 305 2902 ultro
325 2861 372 2904 eas
393 2843 544 2914 nationes,
564 2858 627 2922 qua
646 2859 707 2900 tum
727 2837 790 2900 bel·

590 2919 668 2985 Nir
