2000 3684
148 329 151 349 ¹
256 327 325 394 262
386 319 423 389 C.
453 320 602 393 Corn.
633 323 837 392 Tacina

253 441 390 512 nobilem,
415 441 509 500 animo
533 460 722 518 praenptum,
745 465 826 520 quem
853 445 924 506 notu

255 521 332 583 rebus
347 523 497 662 ostentaret.

294 601 378 662 Vll.
402 601 498 682 Ipsum
520 600 624 664 dehinc
644 604 776 664 Silanum
799 606 924 687 increpui
979 616 981 667 l

252 683 375 755 iisdem,
391 684 493 765 quibus
508 703 638 765 patruum
655 690 713 764 ejus
734 685 924 768 Torquatum,

253 783 391 843 tamquam
400 767 555 840 disponeret
559 768 623 846 jam
636 768 747 840 imperii
762 790 864 839 curas,
871 789 926 843 pre·
979 812 980 819 η

247 847 392 926 ficeretque
409 847 582 917 rationibus,
595 845 623 906 d?
636 848 740 906 libellis
750 893 763 918 ,
776 845 807 908 ἃ
821 851 926 930 epistolis

254 927 366 988 libertos
372 950 386 1000 ,·
400 928 498 986 inania
515 928 600 988 simul
612 937 640 988 δι
658 926 732 988 falsa
749 951 758 984 ε
778 951 854 990 nam
871 930 929 990 Sila·

255 1030 308 1069 nus
333 1009 466 1068 intentior
493 1028 592 1078 metu,
619 1010 760 1069 &exitio
786 1013 881 1088 patrui
900 1008 929 1069 ad

274 1089 467 1150 raecavendum
484 1091 628 1150 exterritus
642 1110 709 1150 etat.
726 1089 852 1150 Inducit
867 1090 929 1170 poll-

249 1111 310 1234 ξας
327 1170 469 1232 vocabulo
488 1171 635 1241 indicum,
653 1171 752 1251 quiin
772 1172 930 1251 Lepidam,

255 1251 351 1312 Cassii
377 1273 514 1324 uxorem,
539 1252 629 1312 Silani
645 1253 768 1311 amitam
781 1299 795 1324 ,
814 1256 930 1335 iaceslum

251 1354 315 1396 cum
335 1335 437 1410 fratris
451 1335 538 1412 filio,
557 1330 585 1392 dl
609 1335 685 1392 diros
706 1355 855 1392 sacrorum
872 1336 930 1392 ritus

255 1412 458 1497 confingerent.
486 1411 711 1483 Trahebantur,
741 1434 774 1474 ut
810 1417 932 1485 conscii,
981 1450 982 1455 κ

254 1495 404 1556 Vulcatius
425 1493 574 1566 Tullinus,
593 1515 627 1554 ac
648 1495 804 1555 Marcellus
828 1495 933 1556 Corne·

255 1578 329 1648 lius,
352 1594 509 1656 senatores,
539 1585 568 1636 dt
590 1575 763 1654 Calpurnius
791 1577 932 1647 Fabatus,

255 1679 340 1739 eques
353 1659 502 1718 Romanus
520 1679 530 1713 r
544 1658 613 1738 qui,
629 1657 772 1736 appellato
790 1658 934 1738 principe,

254 1737 405 1802 instantem
436 1738 650 1801 damnationem
685 1735 842 1810 frustrati,
873 1759 934 1798 mox

246 1821 424 1892 Neronem,
457 1821 532 1878 circa
557 1839 670 1880 summa
695 1820 801 1882 scelera
829 1819 934 1881 disten·

250 1922 338 1972 rum,
354 1902 436 1983 quasi
452 1903 576 1960 minores
592 1920 713 1962 evasere.

195 2004 198 2009 ·
250 2041 254 2046 .
296 1983 349 2042 IX.
373 1983 457 2043 Tunc
478 1982 609 2044 consulto
625 1979 761 2053 senariis,
786 1979 936 2043 Cassio&
983 1976 984 1997 ¹

249 2061 356 2129 Silano
386 2066 489 2124 exsilia
521 2063 736 2136 decemuiratum
764 2067 798 2123 de
836 2065 937 2139 Lepida

259 2149 351 2208 Caesar
360 2147 497 2228 statueret.
521 2145 749 2225 Deportatusque
763 2146 794 2204 in
814 2146 937 2204 insulam

252 2227 418 2292 Sardiniam
438 2226 575 2297 Cassius,
600 2236 629 2287 dt
648 2228 775 2286 senedius
800 2230 863 2304 ejus
884 2246 936 2284 ex-

252 2309 440 2388 speetabatur.
471 2309 609 2378 Silanus,
637 2325 787 2387 umquam
817 2307 938 2366 Naxum

257 2387 456 2460 deveheretur,
481 2387 595 2448 Ostiam
617 2406 748 2457 amotus3
774 2383 840 2466 pdst
869 2409 937 2448 mu·

254 2473 364 2550 nicip'io
384 2472 514 2551 Apuliae,
540 2472 585 2530 rui
610 2490 716 2529 nomen
736 2465 775 2526 est
799 2468 938 2540 Barium,

255 2553 404 2614 clauditur.
427 2553 489 2612 lllic
510 2551 741 2635 indignissimum
764 2570 866 2608 casum
888 2571 937 2610 sa-

258 2637 365 2717 pienter
376 2633 518 2704 tolerans,
535 2656 553 2694 a
572 2633 754 2701 cenuirione,
773 2630 811 2689 ad
829 2631 938 2690 caedem

260 2719 365 2787 misso,
386 2718 532 2795 corripitur
552 2736 559 2772 ε
579 2714 761 2793 suadentique
779 2734 870 2772 venas
892 2711 939 2771 ab·

256 2809 400 2875 rumpere,
419 2799 541 2860 animm
557 2797 663 2876 quidem
679 2795 761 2855 moni
774 2795 939 2876 destinatum
