2000 3684
219 383 288 434 110
366 359 403 431 C.
432 363 574 432 corn.
607 361 788 430 TAcrrr

217 486 270 564 qui
295 500 443 542 censerent.
478 479 543 541 Sed·
567 480 693 540 consules
726 481 892 542 relationem

217 566 339 644 incipere
362 585 420 622 non
442 565 518 634 ausi,
540 563 640 644 ignaro
658 563 801 642 principe,
827 585 891 643 per·

219 649 349 725 scripsere
377 663 473 704 tamen
502 663 669 702 consensum
698 643 821 703 senatis.
844 645 894 703 lile

219 749 258 786 an
285 729 382 786 auctor
406 723 611 804 constitutionis
637 722 737 795 fieret,
761 745 792 784 ut
825 727 904 786 inter

220 828 326 889 paucos
345 815 372 867 δι
390 808 531 881 sententia
550 805 704 866 adversos:
724 805 895 887 quibusdam

219 890 355 948 coalitam
382 889 509 948 libertate
532 889 737 946 irreverentiam
765 885 800 947 εὸ
826 909 894 969 pro<

218 973 326 1051 rupisse
348 969 550 1038 frementibus,
572 970 659 1038 uine,
686 991 722 1027 an
745 990 819 1046 aquo
839 991 897 1028 cum

217 1053 347 1127 patronis
350 1053 415 1132 jure
425 1067 534 1129 agerent
538 1071 551 1122 ‚·
561 1049 725 1109 sententiam
738 1071 830 1108 eorum
839 1073 896 1110 con·

221 1135 373 1201 sunanne,
390 1154 421 1190 ac
435 1131 590 1191 verteribus
607 1151 703 1189 manus
723 1133 796 1189 ultro
809 1133 898 1190 inten-

222 1216 332 1282 derent,
345 1213 473 1286 impulere
482 1213 727 1285 velpoenamsuam
738 1213 898 1272 dissuaden-

221 1312 275 1352 tes.
307 1294 385 1372 Quid
399 1294 471 1352 enirn
487 1295 567 1351 aliud
582 1293 645 1352 laeso
658 1311 776 1367 patrono
797 1315 900 1352 conces·

222 1396 302 1444 sum,
319 1373 399 1450 quim
414 1392 444 1432 ut
460 1375 620 1434 uicesimum
634 1373 706 1432 ultra
719 1375 856 1448 lapidem,
869 1378 899 1433 in

222 1477 301 1514 oram
327 1456 481 1530 Campania
497 1455 623 1513 libertum
645 1455 766 1534 releget?
793 1459 902 1516 Ceteras

227 1539 344 1598 uiliores
353 1538 524 1611 promiscuas
539 1533 657 1609 &parts
675 1558 743 1595 esse.
767 1535 902 1596 Tribuen·

226 1621 290 1678 dum
300 1621 410 1695 aliquod
417 1619 516 1688 telum,
528 1619 597 1694 quod
606 1619 699 1691 sperni
710 1636 831 1696 nequeat.
844 1619 905 1680 Nec

221 1721 311 1778 ‘graue
331 1700 525 1768 manumissis,
541 1719 593 1772 per
606 1700 676 1757 idem
696 1693 850 1778 obsequium
866 1723 905 1760 rt·

223 1782 335 1838 sinendi
353 1780 520 1849 libertatem,
538 1801 588 1853 per
604 1781 674 1857 quod
688 1782 817 1838 adsecuti·
831 1783 903 1840 sint.

224 1860 272 1921 Ἀτ
285 1862 427 1932 criminum
447 1861 714 1941 maniftstasmeritd
733 1865 771 1920 ad
785 1865 906 1922 servitu·

222 1959 283 2000 tem
304 1941 406 1999 retrahi
413 1963 427 2013 ;
441 1959 471 1999 ut
486 1963 558 2000 metu
571 1959 758 2013 coerceantur,
772 1963 848 2020 quos
860 1943 906 2003 he·

223 2022 328 2100 neficia
345 2043 399 2080 non
420 2024 611 2082 mutavissent.

225 2141 230 2147 -
271 2101 398 2162 XXVII.
425 2103 618 2163 Disserebatur
648 2101 771 2174 contr‘23
795 2103 908 2164 Pauca·

227 2205 291 2244 rum
301 2185 405 2258 culpam
418 2185 488 2259 ipsis
502 2187 646 2244 exitiosam
659 2206 717 2245 esse
733 2183 825 2245 delere
838 2211 849 2244 .·
864 2189 908 2246 ni·

231 2266 278 2325 lril
295 2267 484 2326 uniuersorum
495 2267 559 2345 juri
581 2269 759 2346 derogandum
781 2270 908 2344 :quippe

231 2348 388 2424 latifirsum
398 2348 430 2406 id
436 2369 539 2421 corpus.
552 2347 629 2406 Hinc
638 2347 791 2425 pleramque
802 2349 891 2408 tribus
896 2395 909 2420 ,

232 2430 375 2496 diarias,
388 2430 535 2508 ministeria
547 2428 743 2510 magistratibus
753 2475 765 2498 ,
780 2425 807 2488 Er
820 2451 911 2489 sacer·

232 2507 357 2577 dotibus,
372 2508 491 2567 cohortes
502 2510 585 2568 etiam
596 2511 625 2568 in
640 2509 700 2568 urbe
711 2510 881 2584 conscriptas
897 2533 909 2570 .·

234 2587 399 2662 &plurimis
417 2590 551 2664 equiturn,
562 2591 697 2667 plerisque
712 2591 886 2651 senatoribus
897 2638 909 2661 ,

234 2691 287 2728 non
307 2672 416 2728 aliunde
431 2671 563 2747 originem
574 2670 656 2729 trahi.
672 2669 707 2728 Si
718 2691 911 2744 separarentur

234 2750 356 2810 libertini
366 2772 379 2821 ,·
400 2753 568 2831 manifestam
583 2751 646 2828 firrt
661 2753 805 2826 penuriam
829 2754 909 2832 inge·

234 2851 355 2893 atterum.
369 2831 542 2914 Nonfruslra
555 2833 671 2913 majores
679 2877 691 2905 ,
699 2853 778 2911 quum
787 2833 910 2914 dignita·
