2000 3684
159 366 409 437 Auamma
435 363 520 432 Lis.
545 363 626 434 XV.
677 383 742 451 ²3¹

108 485 288 546 XLVIII.
322 484 424 545 Ineunt
446 483 547 543 deinde
571 483 748 542 consulatum

69 567 150 628 Silius
170 569 288 636 Nerva,
306 575 333 626 &
353 567 462 624 Atticus
479 563 635 634 Vestinus,
655 563 748 644 ccepti

70 650 169 720 sImuI,
196 657 224 709 &
255 643 337 707 audii
366 648 578 724 conjuratione,
606 647 636 704 in
660 665 748 726 quam

70 732 193 789 certatim
235 731 354 788 nomina
389 725 548 798 dederant,
577 745 750 798 senatores,

70 829 166 890 eques,
185 811 285 880 miles,
312 809 424 868 feminae
448 811 556 879 etiam,
575 827 662 888 quum
679 807 751 866 odio

71 891 213 961 Neronis,
238 911 300 951 turn
328 890 425 950 favore
445 891 474 948 in
496 889 534 950 C.
558 888 699 948 Pisonem.
722 887 751 948 Ir

72 971 228 1052 Calpurnio
256 993 356 1056 genere
381 991 478 1040 ortus,
509 993 543 1030 ac
569 969 671 1029 multas
699 969 749 1028 in-

73 1054 216 1136 signesque
231 1053 357 1114 familias
372 1050 486 1133 paterni
505 1052 654 1111 nobilitate
669 1071 753 1109 com·

73 1136 179 1214 plexus,
204 1137 282 1195 claro
303 1133 378 1215 apud
404 1134 521 1216 vulgum
544 1153 656 1191 rumore
675 1151 751 1204 crat,

76 1235 119 1294 per
139 1221 291 1288 virmtem,
310 1235 359 1276 aut
378 1217 481 1294 species
500 1215 649 1274 virtutibus
669 1216 751 1273 simi-

75 1297 119 1356 les.
144 1299 281 1382 Namque
308 1297 472 1357 facundiam
505 1296 615 1356 tuendis
643 1296 753 1355 civibus

75 1381 236 1454 exercebat,
266 1381 445 1463 largitionem
472 1378 601 1437 adversus
622 1380 753 1448 amicos,

77 1468 100 1519 ἃ
121 1463 225 1543 ignotis
252 1483 366 1543 quoque
386 1461 462 1519 comi
483 1467 658 1519 sermone&
681 1479 754 1517 con·

77 1561 173 1624 gressu.
201 1544 331 1604 Aderant
362 1543 448 1601 etiarn
476 1540 618 1608 fortuito,
652 1559 753 1620 corpus

77 1641 236 1702 procerum,
257 1623 358 1684 decora
380 1623 475 1682 facies.
495 1621 551 1681 Sed
574 1620 670 1700 procui
693 1641 754 1704 gra·

78 1705 144 1765 v'itas
165 1727 300 1778 morum,
325 1725 375 1765 aut
402 1705 581 1782 voluptatum
605 1704 753 1782 parcimo-

79 1787 122 1844 nia
147 1811 153 1843 :
185 1790 297 1849 lenitati
327 1807 360 1846 ac
385 1781 622 1870 magnificentie,
651 1791 677 1844 δι
700 1783 753 1842 ali-

81 1869 187 1946 quando
208 1871 289 1930 luxui
312 1867 486 1952 indulgebat.
512 1865 602 1946 quue
629 1864 755 1946 pluribus

81 1949 265 2026 probabatur,
289 1952 358 2032 qui,
381 1953 410 2009 in
430 1967 508 2008 tanta
527 1948 666 2007 vitiorum
689 1946 755 2006 dui-

82 2029 189 2104 cedine,
211 2052 355 2094 summum
381 2031 531 2111 imperium
559 2051 620 2089 non
647 2025 754 2088 restric-

83 2126 158 2182 tum,
178 2135 229 2174 nec
253 2133 427 2195 perseverum
447 2112 556 2170 volunt.

118 2193 224 2256 XLIX.
243 2197 359 2254 Initium
382 2193 570 2272 conjurationi
589 2211 647 2248 non
665 2213 681 2249 a
698 2211 752 2250 cu-

85 2273 171 2350 pidine
190 2279 276 2358 ipsius
299 2276 352 2336 fuit
376 2300 382 2333 :
402 2295 452 2335 nec
473 2293 569 2332 tamen
588 2270 672 2330 utile
687 2292 755 2355 ,me-

85 2362 276 2428 moraverim,
302 2359 364 2440 quis
393 2357 498 2437 primus
529 2354 645 2423 audior,
678 2357 756 2432 cujus

86 2435 208 2500 instinctu
235 2441 378 2499 concitum
403 2441 459 2507 sit,
482 2434 560 2517 quod
583 2453 642 2493 tarn
672 2435 755 2494 multi

86 2537 258 2600 sumpserunt.
281 2520 508 2602 promptissimos
531 2517 662 2577 Subrium
690 2516 754 2578 Fla-

87 2600 180 2675 vium,
207 2604 352 2662 tribunum
390 2601 522 2683 praetoriae
553 2595 697 2668 cohortis,
726 2608 756 2658 δε

88 2677 233 2762 Sulpicium
262 2684 403 2764 Asprum,
430 2682 642 2749 centurionem,
672 2675 755 2737 exsti·

88 2760 162 2834 tisse,
178 2764 332 2826 constantia
349 2762 435 2824 exitits
452 2762 557 2822 docuit
571 2761 610 2821 Et
626 2761 755 2822 Lucanus

90 2841 221 2921 iuncus,
248 2847 427 2929 Plautiusque
455 2845 627 2915 Lateranus,
657 2841 759 2904 consul
