2000 3684
5 325 6 338 ¹
99 325 224 400 wa,
325 322 750 396 &Coruncani

174 442 296 504 externis
313 465 323 500 .·
338 442 406 502 arsi
417 462 535 517 paterna
549 443 650 504 Italico
668 469 743 506 rnens
758 456 853 519 esser,

175 547 230 584 non
240 525 326 598 aliurn
337 524 472 603 infernale
486 548 566 585 arma
575 545 669 586 contra
680 529 804 601 patriarn
819 546 853 588 ατ

176 609 239 698 deos
262 624 393 679 penates,
418 615 497 683 quiem
517 626 658 682 parentem
685 610 743 689 ejus
772 629 851 670 exer·

178 708 275 746 cursse.
568 730 570 735 .

216 767 314 827 XVII.
331 768 385 828 His
400 787 484 852 atque
498 770 600 830 talibus
618 791 737 853 magnas
754 772 855 851 copias

177 868 303 931 coegere.
332 850 395 910 Nec
424 853 567 930 pauciores
592 851 741 933 Italicum=
757 873 855 934 seque·

177 929 297 990 bantur:
312 953 366 990 non
383 933 456 992 enim
469 934 606 1008 inrupisse
616 937 655 994 ad
664 934 770 995 invitos
777 977 789 1003 ,
806 935 857 993 sed

177 1012 294 1072 arcitum
318 1015 516 1074 memorabant
542 1038 553 1074 .·
576 1018 684 1091 quando
711 1014 857 1074 nobilitare

177 1111 279 1152 ceteros
294 1097 429 1166 anteiret,
449 1097 580 1156 virtutem
596 1097 802 1170 experirentur,
819 1117 858 1154 are

178 1175 292 1252 dignum
306 1198 336 1236 se
349 1195 449 1250 patruo
469 1175 622 1248 Arminio,
638 1200 693 1238 ανο
717 1180 859 1237 Catumero

174 1255 305 1330 preberet
324 1281 341 1316 r·
353 1281 401 1318 nec
417 1277 525 1332 patrem
546 1257 638 1317 nabori
648 1300 660 1329 ,
681 1258 753 1336 quad
772 1260 860 1336 fidene

154 1339 312 1416 radversur
338 1338 502 1410 Romanos,
524 1340 679 1400 uolentibus
709 1339 861 1398 Germanis

180 1437 333 1492 sumptam,
348 1443 491 1497 numquam
505 1421 647 1480 omisisset
663 1444 674 1479 .·
682 1420 762 1497 falsi
777 1419 860 1478 liber-

181 1502 251 1559 tatis
270 1501 429 1560 vocabulum
447 1501 556 1561 obtendi
576 1501 611 1560 ab
629 1502 668 1560 iis
679 1547 691 1570 ‚
708 1501 755 1578 qui
763 1502 862 1574 priva·

181 1581 234 1640 tirn
255 1585 414 1660 degeneres,
430 1584 461 1642 in
471 1583 610 1658 publicum
626 1582 765 1652 exitiosi,
786 1581 866 1640 nihil

180 1663 260 1736 spei,
281 1665 341 1724 nisi
358 1687 409 1739 per
422 1665 575 1726 discordias
598 1663 724 1723 habeant.
744 1660 862 1722 Adstre-

182 1744 267 1826 pebat
288 1742 353 1804 huic
378 1746 467 1806 alacre
485 1746 604 1828 vulgus;
624 1753 651 1804 &
669 1765 795 1826 magno,
813 1746 864 1804 io-

182 1842 225 1884 ter
257 1825 413 1897 barbaros,
444 1828 545 1906 proelio
574 1828 665 1886 vicine
693 1846 766 1894 τας
794 1823 863 1886 dein

183 1905 305 1966 secundi
324 1907 437 1968 fortuni
456 1909 493 1968 ad
515 1907 674 1988 superbiam
689 1906 864 1985 prolapsus,

185 1987 354 2126 {rususquffi
371 2011 405 2049 ac
422 2011 512 2052 narsus
529 1987 782 2071 Langobardorum
801 1990 865 2067 opi-

148 2079 149 2082 ’
206 2089 237 2127 us
258 2069 394 2143 mlestus,
416 2093 462 2150 per
486 2072 574 2142 lata,
599 2090 647 2151 per
666 2067 801 2140 adversa,
820 2089 866 2130 res

186 2137 345 2212 Cheruscas
365 2153 538 2214 adflicrabat.

227 2231 342 2294 XVIIL
351 2236 403 2295 Per
422 2235 498 2294 idem
511 2253 620 2314 tempus
634 2227 766 2300 Chauci,
783 2230 866 2293 nulla

187 2310 358 2376 dissensione
371 2316 473 2388 domi,
488 2325 517 2376 δι
533 2333 623 2375 morte
640 2314 791 2395 Sanquinii
805 2312 867 2371 ala-

187 2415 266 2467 cres,
287 2397 355 2456 dum
374 2397 506 2459 Corbulo
527 2397 681 2466 adventat,
701 2393 868 2454 inferiorem

188 2474 375 2538 Germaniam
391 2481 585 2549 incursavere,
599 2477 669 2536 duce
687 2476 864 2537 Gannasco:

187 2559 238 2637 qui
268 2563 382 2620 natione
409 2559 586 2630 CaninefaS,
606 2560 740 2619 auxiliare
761 2577 797 2617 aes
816 2556 868 2616 diu

188 2643 323 2712 meritus,
348 2641 409 2720 post
432 2641 598 2724 transfuga,
616 2640 724 2700 levibus
744 2639 870 2720 navigiis

190 2723 390 2798 praedabundus
408 2770 420 2794 ,
451 2724 602 2784 Gallorum
633 2720 757 2780 maxime
785 2740 869 2778 oram

189 2802 334 2880 vastabat,
358 2827 417 2870 noa
441 2807 576 2892 ignarus,
595 2802 666 2866 dites
684 2811 713 2864 ει
738 2800 871 2862 imbelles
