2000 3684
199 313 446 414 Annniwn
471 341 557 411 liu.
580 345 663 415 XV.
702 368 770 436 253

96 491 103 502 ·
135 463 307 525 LXXIII.
330 463 385 524 Sed
408 461 510 533 Nero,
532 483 636 524 vocato
658 486 772 537 senatu,

90 547 224 606 oratione
239 549 312 606 inter
325 563 414 625 patres
427 542 544 615 habiti,
562 545 684 606 edilium
696 545 773 628 apud

91 629 255 708 populum,
286 636 313 687 δι
347 627 450 686 collata
478 627 508 684 in
537 626 624 686 libros
646 629 773 700 indicia,

91 707 342 788 confessionesque
389 706 591 766 damnatorum
635 709 771 788 adjunxit.

90 789 213 849 Etenim
235 790 331 847 crebro
353 789 433 872 vulgi
449 808 561 847 rumore
582 789 775 863 lacerabatur,

92 888 234 948 tamquam
255 873 332 931 uiros
347 871 487 940 insontes,
500 869 533 926 ob
551 871 690 930 invidiam
699 918 712 942 ,
724 889 774 930 aut

90 969 220 1021 merum,
247 953 429 1033 exstinxisset.
460 948 596 1010 Ceterim
627 971 747 1031 coeprsur
761 998 774 1024 ,

91 1031 297 1112 adultamque,
320 1040 348 1092 &
370 1034 505 1090 reviClarn
529 1035 775 1111 conjurrrionem,

92 1133 188 1194 neque
219 1131 285 1172 runc
320 1111 480 1172 dubitavere
503 1159 514 1182 ,
542 1114 645 1194 quibus
674 1135 773 1174 verum

92 1193 232 1254 noscendi
251 1215 313 1254 cura
337 1214 415 1264 erar,
436 1203 462 1254 &
482 1192 623 1266 latentur,
640 1197 690 1276 qui
710 1193 776 1276 post

91 1277 240 1335 interitum
255 1275 379 1335 Neronis
398 1277 427 1334 in
446 1275 544 1334 urbem
563 1279 678 1360 regressi
698 1297 773 1338 sunt.

91 1357 135 1418 At
153 1357 183 1416 in
200 1375 297 1416 senatu
320 1359 446 1427 cunilir,
461 1374 492 1414 ut
504 1358 604 1437 cuique
620 1357 773 1438 plurimtlur

91 1439 246 1508 moeroris,
270 1440 301 1497 in
329 1437 521 1498 adulationem
545 1438 693 1510 demissis,
721 1441 776 1500 lu-

91 1521 178 1582 nium
207 1519 392 1588 Gallionem,
423 1519 534 1578 Senecae
563 1518 655 1579 fratris
681 1539 774 1580 morte

90 1601 252 1682 pavidum,
270 1609 297 1660 δι
315 1621 365 1680 pro
388 1619 437 1658 sua
453 1600 650 1659 incolumirrre
667 1601 774 1680 suppli·

91 1704 160 1742 cern
171 1727 181 1753 ‚
202 1683 336 1762 increpuit
356 1681 484 1741 Salienus
504 1679 657 1753 Clemens,
676 1681 775 1764 bostem

95 1761 124 1824 li
136 1765 305 1839 parricidam
317 1783 424 1823 vocans
440 1785 447 1821 :
465 1760 555 1820 donec
572 1783 707 1822 consensu
740 1785 773 1824 a·

92 1865 170 1908 uum
190 1843 331 1904 deterritus
347 1841 402 1914 est,
421 1843 582 1917 republicis
600 1845 684 1904 malis
697 1783 778 1904 abuti

92 1930 134 1986 ad
151 1928 336 1986 occasionnem
349 1926 462 2000 priuati
475 1927 534 1984 odii
549 1926 706 1996 videretur,
721 1949 776 1986 neu

92 2010 246 2082 composita
262 2025 348 2077 ,aut
370 2005 548 2076 oblitterata,
569 2010 775 2068 mansuetudine

84 2088 248 2166 principis,
261 2109 361 2155 novam
371 2090 409 2148 ad
418 2089 557 2149 sevitiam
566 2088 720 2148 retraheret.

135 2169 278 2228 LXXIV.
295 2159 371 2227 Turn
391 2167 500 2228 decreta
521 2171 613 2238 dona,
635 2166 774 2248 &grates

92 2251 157 2312 eleis
173 2250 376 2321 decernuntur,
391 2251 567 2324 propriusque
583 2248 669 2308 bonos
688 2248 774 2320 Soli,

93 2333 142 2393 cui
154 2334 190 2414 est
201 2351 279 2392 vetus
298 2336 365 2392 edes
382 2334 456 2405 apud
476 2331 601 2400 Circum,
618 2331 710 2408 inquo
722 2333 773 2409 fa-

92 2417 176 2474 cinus
188 2411 355 2487 parabatur,
372 2412 421 2488 qui
432 2411 536 2470 occulta
555 2412 774 2490 conjurationis,

92 2495 210 2556 numine
223 2495 364 2552 retexisset
378 2516 389 2550 .·
403 2511 480 2570 utque
496 2493 662 2554 Circensium
680 2496 773 2553 Cerea·

91 2579 166 2636 lium
195 2576 327 2634 ludt'crum
348 2574 472 2648 pluribus
500 2595 624 2652 equorum
649 2575 774 2635 cursibus

91 2656 275 2718 celebraretur
286 2679 296 2714 .-
313 2658 462 2732 mensisque
471 2655 584 2730 Aprilis
595 2655 717 2716 Neronis
724 2679 772 2715 co·

90 2755 269 2818 gnomentttm
291 2737 420 2810 acciperet
439 2760 449 2794 :
468 2737 595 2811 templum
615 2735 712 2794 Saluti
725 2761 773 2798 ex-

84 2822 240 2902 strueretur
247 2864 260 2890 ,
272 2818 303 2879 eb
322 2817 394 2890 loci,
410 2840 444 2877 ex
460 2839 511 2895 quo
526 2816 658 2880 Sceuiuus
665 2818 775 2896 ferrem
