2000 3684
255 313 800 439 Aou1cozsy3u

124 456 218 535 ipsam
245 475 309 514 cum
338 474 409 514 voce
431 454 666 534 perdidissemus,
693 457 716 517 si
741 476 803 518 taut

125 537 158 596 iu
181 532 274 596 nostra
295 532 431 617 potestate
452 555 525 596 esset
541 537 695 610 oblivisci,
715 537 804 620 quim

124 636 226 677 tacere.

166 697 238 758 ΙΙΙ.
263 697 349 758 Nunc
373 696 489 758 demum
516 695 588 758 redit
613 701 722 762 animus
744 721 753 757 t
773 709 802 762 dc

123 800 318 862 quamquam,
337 781 429 859 primo
443 778 538 838 statim
550 781 703 841 beatissimi
716 782 804 842 seculi

125 881 213 931 ortu,
233 861 329 921 Nerva
348 859 444 921 Caesar
459 881 503 920 res
521 861 593 920 olim
612 861 805 924 dissociabiles

124 943 289 1012 miscuerit,
318 934 505 1022 principatum
544 963 578 1002 ac
612 943 768 1004 libertatem
790 989 803 1014 ,

124 1043 230 1107 augeat
249 1044 284 1082 ue
322 1023 450 1104 quotidie
483 1021 650 1083 facilitatem
693 1026 806 1106 imperii
889 1021 893 1030 ’

125 1045 396 1183 Nerraql'rajanus,
416 1124 469 1164 nec
490 1124 568 1184 spem
587 1105 677 1166 modo
698 1127 731 1166 ac
750 1127 805 1168 vo·

124 1199 189 1246 tum
210 1187 346 1248 Securitas
365 1186 493 1266 publica,
514 1185 561 1246 sed
583 1188 668 1267 ipsius
687 1189 748 1248 voti
769 1185 806 1248 fi-

125 1267 261 1339 duciam,
277 1289 310 1327 ac
330 1268 416 1326 robur
434 1270 629 1348 assumpserit;
650 1268 747 1330 satuti
764 1289 807 1330 ra·

125 1371 195 1410 men
217 1347 387 1410 infirmitatis
409 1346 567 1421 humanae,
591 1350 712 1412 tardiora
741 1370 806 1412 sunt

125 1431 271 1502 remedia,
285 1429 372 1512 quim
385 1430 461 1488 maia
470 1451 480 1499 3
498 1439 526 1490 δι
543 1449 574 1490 ut
593 1451 709 1513 corpora
725 1432 805 1492 lentb

125 1531 311 1597 augescunt,
331 1509 389 1570 citb
407 1509 639 1593 exstinguuntur,
666 1516 705 1574 sic
726 1515 756 1573 in
778 1534 807 1573 ε·

125 1597 176 1656 nia
203 1593 348 1674 studiaque
372 1593 536 1671 oppresseris
560 1590 669 1652 facilid's
684 1535 804 1674 ‚quim

124 1676 309 1738 revocaveris.
344 1673 427 1734 Subit
459 1675 564 1754 quippe
598 1675 684 1734 etiam
720 1676 807 1755 ipsius

125 1760 233 1819 inertiae
252 1753 370 1817 dulcedo
393 1777 403 1813 r
423 1763 451 1814 &
470 1755 561 1814 invisa
580 1754 672 1835 ptimb
695 1755 805 1820 desidia

125 1837 269 1922 postremo
282 1855 400 1898 amatur.
420 1833 500 1912 Quid
515 1838 559 1907 si,
573 1856 621 1916 pet
632 1837 805 1920 'quindecim

125 1943 239 1997 annos,
277 1916 383 2002 grande
415 1917 543 1978 mortalis
574 1921 629 1979 aevi
657 1922 804 2000 spatium,

126 2005 213 2065 multi
248 1999 374 2061 fortuitis.
413 1998 543 2071 casibus,
580 2003 805 2082 promptissimus

149 2088 247 2166 uisque
281 2078 386 2142 saeuitii
416 2081 550 2160 principis
581 2083 805 2145 intercideruuti

126 2107 234 2238 ituci,
249 2172 277 2224 dt
294 2183 325 2222 ut
340 2165 380 2222 ita
393 2160 532 2230 dixerim,
551 2183 611 2222 non
630 2161 720 2224 modb
735 2166 806 2226 alio-

126 2269 210 2320 rum,
232 2244 280 2307 sed
300 2246 387 2306 etiam
406 2240 494 2302 nostri
511 2241 666 2323 superstites
688 2266 805 2319 sumus,

129 2325 295 2409 exemptis'e
312 2324 408 2385 media
426 2325 486 2384 vira
511 2341 555 2384 tot
576 2328 678 2398 anuis,
702 2327 805 2408 quibus
854 2380 856 2384 ,

127 2418 242 2494 juvenes
270 2406 308 2468 ad
328 2409 524 2474 redeuutem,
547 2425 625 2468 senes
650 2409 737 2490 propd
766 2410 804 2472 ad

129 2497 206 2574 ipsos
221 2493 323 2553 exustae
340 2489 429 2548 aetatis
451 2488 589 2548 terminos
601 2510 649 2569 per
662 2491 805 2554 silentium

126 2578 267 2637 venimus..
282 2571 354 2633 Non
369 2588 466 2630 tamen
481 2569 612 2652 pigebit,
629 2573 674 2632 vel
697 2574 803 2634 uton-

128 2654 188 2716 dits
210 2677 243 2716 ac
258 2652 322 2714 rudi
336 2671 427 2722 uoce,
445 2651 614 2710 memoriam
633 2654 731 2732 prioris
751 2675 806 2714 ser·

52 2753 57 2762 ·
125 2737 239 2809 uitutis,
266 2755 300 2794 ac
324 2729 516 2791 testimonium
541 2734 716 2811 presentium
743 2734 819 2800 bo-‚

124 2839 229 2891 norum
266 2815 466 2898 composuisse.
504 2811 562 2876 Hic
594 2813 707 2878 iuterim
732 2815 808 2880 iiber
