2000 3684
193 271 261 338 280
304 267 341 336 C.
371 267 516 338 cono.
549 269 738 336 Tucm

191 404 280 446 tamen
299 388 464 448 miserrimus
479 404 588 462 pater:
610 383 636 446 ἃ
653 388 683 445 si
697 389 801 446 crimen
817 387 873 467 esi,¹

191 469 253 527 solu
275 465 384 544 deliqui.
441 539 444 546 Ι

231 545 358 608 XXXII.
386 543 541 628 Loquentis
562 543 654 607 adhuc
677 548 763 607 verba
787 550 869 606 exci-

191 627 233 712 pit
248 625 369 688 Sotanus
378 673 390 700 ,
407 629 617 709 proclamatque
640 652 647 685 :
667 650 721 686 non
738 627 822 687 illum
839 630 871 688 iu

186 707 361 784 prouinciam
387 731 475 770 secum
491 710 660 786 proficiam,
684 731 738 767 nou
765 709 871 768 Plauto

185 809 358 864 permutem
375 792 452 848 nosci
465 793 590 868 potuisse
610 812 691 848 :non
708 791 872 855 criminibus

193 874 290 930 mariti
314 893 460 930 connexam
486 895 495 929 :
517 872 609 929 nimiu
628 888 734 929 tantum
751 871 873 944 pietatis

149 1011 151 1018 Α
192 973 266 1010 ream
288 970 464 1026 separarent,
480 970 559 1030 utque
581 952 640 1024 ipse
651 995 661 1021 ,
681 973 872 1028 quamcumque

191 1052 292 1092 sortem
315 1031 424 1112 subiret.
448 1031 539 1091 Simul
560 1031 590 1089 in
610 1032 752 1110 amplexus
770 1053 874 1091 occut-

189 1115 274 1172 tentis
295 1107 358 1172 filiae
381 1111 499 1182 ruebat,
523 1113 578 1172 nisi
597 1114 734 1189 interjecti
755 1111 873 1174 lictores

191 1191 311 1274 utrisque
341 1191 519 1252 obstitissent.
545 1192 619 1252 Mox
651 1193 730 1252 datus
756 1191 874 1271 testibus

190 1273 267 1366 Iocus
298 1297 305 1330 ε
336 1283 362 1333 &
391 1295 529 1354 quantum
557 1274 754 1333 miscricotdiae
784 1277 871 1334 saevi-‘

190 1372 230 1413 tia
257 1357 442 1414 accusationis
469 1374 666 1434 petmovetat,
688 1373 800 1419 tantum
825 1358 873 1416 irat

190 1431 222 1494 P.
236 1433 373 1522 Egnatius
385 1435 458 1512 testis
471 1439 603 1495 concivit.
616 1435 715 1497 CIiens
729 1433 776 1493 hic
785 1436 874 1496 ¹Sora-

190 1515 240 1586 ni‚
257 1525 283 1576 &
297 1535 363 1575 tunc
380 1536 488 1597 emptus
508 1517 544 1576 ad
564 1517 781 1596 opprimendum
801 1520 875 1578 ami-

191 1619 278 1668 cum,
298 1599 492 1658 auetoritatem
515 1599 616 1658 Stoicae
637 1601 715 1656 sestae
739 1596 874 1678 prufere-

62 1734 68 1746 Ι
109 1721 111 1725 .
189 1677 263 1748 bat,
286 1677 384 1738 habitu
404 1689 430 1740 δι
447 1701 494 1738 ore
511 1675 548 1738 ad
567 1677 889 1758 exprimendamlitnav

190 1760 287 1842 ginem
305 1757 419 1834 ¹honesti
445 1762 600 1830 exercitus,
622 1761 743 1818 cttenitn
770 1763 873 1820 animo

190 1837 375 1928 perfidiosus,
398 1839 550 1912 subdolus,
577 1841 727 1900 avaritiam
746 1863 780 1900 ac
803 1843 875 1901 Iibi-

192 1919 288 1980 dinem
311 1921 462 1981 occultans.
487 1920 561 2000 Quae
582 1920 731 2002 postquam
754 1921 874 2003 pecunii

191 2001 297 2062 'reclusa
311 2021 390 2072 sunt,
404 1999 481 2062 dedit
497 2003 663 2082 esempIum-
675 2003 873 2082 praecavendi,

190 2081 340 2164 quomodo
368 2079 512 2142 fraudibus
545 2084 707 2154 involutos,
739 2104 787 2161 aut
819 2087 876 2144 fla-

192 2165 269 2250 gitiis
304 2161 559 2235 commaculatos,
587 2165 626 2224 sic
655 2161 749 2244 specie,
775 2163 872 2235 bona7
918 2193 922 2201 ·

120 2257 123 2262 ’
192 2266 254 2306 rum
269 2249 370 2305 artium
382 2241 485 2316 fulsos,
500 2255 527 2306 &
540 2247 671 2304 amicitiae
683 2241 804 2305 fallace’s.

233 2324 374 2389 XXXIII.
391 2326 469 2386 Idem
489 2325 587 2386 tamen
604 2327 703 2386 dies&
722 2323 872 2402 honestum

196 2408 354 2488 exemplum
382 2407 446 2466 tulit
468 2407 561 2468 Cassii
586 2405 802 2488 AsclepiodotI,
823 2411 875 2488 qui

193 2489 390 2572 magnitudine
422 2509 510 2568 opum
540 2491 690 2568 praecipuus
722 2488 793 2547 inter
826 2489 875 2548 Bi·

195 2567 327 2649 thynos,
359 2590 415 2650 quo
451 2569 589 2650 obsequio
616 2572 763 2628 florentem
791 2569 874 2631 Sota-

193 2653 263 2712 'num
283 2651 482 2722 celebraverat,
505 2651 647 2713 labentem
662 2671 720 2710 non
740 2649 872 2710 deseruit.

194 2730 370 2816 Exsutusque
389 2731 522 2792 omnibus
544 2727 682 2804 fortunis,
704 2740 731 2792 &
749 2733 876 2793 in‘exsi-
