2000 3684
144 324 167 373 .‘
218 278 623 353 AunlcozA.
694 302 756 373 335

82 399 273 554 peremtum,
286 403 310 462 si
320 403 426 480 injuria
441 400 553 462 absint:
568 397 618 462 has
633 421 705 542 appe
716 421 764 462 ro·

112 504 190 556 rant,
205 489 265 563 jam
280 483 384 546 domiti
400 501 431 542 ut
442 500 576 563 pareant,
591 503 649 548 non
690 503 719 542 m
733 501 765 544 ut

84 567 215 628 serviant.
232 565 324 648 lgimr
341 566 448 644 primus
463 564 595 623 omnium
613 562 764 626 Romano-

84 668 149 708 rum
164 646 246 708 clivus
262 646 352 706 Julius
374 665 439 706 cum
453 646 575 705 exercitu
589 643 765 708 Britanniam

84 729 243 811 ingressus,
259 747 436 808 quamquam
450 724 582 807 prospera
599 725 694 820 pugni
710 746 767 787 ter·

87 811 174 870 ruerit
190 809 318 880 incolas,
338 830 371 868 ac
392 808 486 868 littore
504 809 609 888 potitus
631 827 685 880 srt,
707 828 765 888 po·

71 887 142 951 ,test
164 889 254 950 videri
275 888 427 949 ostendisse
449 887 581 970 posteris,
599 909 659 948 uon
677 889 767 950 tradi-

89 971 171 1036 disse.
189 972 263 1031 Mox
282 971 357 1032 bella
380 971 476 1030 civilia
487 1016 505 1042 ,.
520 979 548 1033 &
565 971 595 1030 in
612 970 768 1050 rempubli-

88 1074 155 1128 pam
165 1074 243 1112 versa
259 1054 417 1132 principum
431 1073 530 1122 arma,
545 1073 577 1110 ac
592 1052 681 1133 longa
696 1051 771 1114 obli·

88 1137 139 1196 vio
155 1134 305 1194 Britanniae
325 1135 411 1194 etiam
427 1135 458 1194 in
474 1154 551 1214 pace.
570 1135 722 1194 Consilium
737 1131 769 1194 id

89 1217 171 1278 divus
195 1213 336 1300 Augustus
354 1216 487 1276 'vocabar
500 1261 513 1286 ,
539 1214 670 1275 Tiberius
695 1237 767 1290 pra-

88 1317 203 1374 ceptum.
221 1299 351 1381 Agitasse
367 1297 405 1360 C.
427 1296 569 1359 Caesarem
590 1295 624 1356 de
638 1296 771 1358 intranda

90 1380 238 1450 Britannia
258 1381 324 1439 satis
345 1376 471 1448 constat,
484 1379 515 1438 ni
532 1377 615 1438 velox
634 1379 663 1446 in
685 1380 769 1451 enio,

93 1461 211 1536 mobilis
234 1458 420 1540 poemteutii,
441 1468 468 1519 8(
494 1461 622 1541 ingentes
642 1399 770 1526 agressus

93 1543 281 1606 Germaniam
297 1560 413 1600 conatus
427 1537 523 1604 frustra
537 1539 662 1600 fuissent.
680 1539 772 1602 Divus

94 1624 235 1686 Claudius
253 1625 350 1684 auelor
366 1624 475 1703 operis,
496 1623 658 1682 transvellis
680 1620 773 1704 legio·

94 1705 179 1772 nibus
198 1705 386 1785 auxiliisque,
404 1713 432 1763 &
444 1712 591 1782 'assumpto
614 1704 644 1762 in
664 1723 773 1784 partem

94 1809 187 1850 rerum
206 1787 383 1867 Vespasiano
393 1808 403 1856 3
444 1783 502 1844 uod
518 1786 632 1844 initium
650 1804 771 1845 ventura:

95 1891 166 1954 mog
184 1867 302 1930 fortunae
325 1866 379 1926 fuit
399 1890 406 1924 ι
423 1807 541 1928 lomitae
558 1885 677 1950 genteS,
698 1867 774 1948 capti

78 1972 192 2036 reges,
210 1959 237 2010 &
258 1948 426 2011 monstratus
445 1948 512 2012 fatis
532 1949 731 2027 Vespasianus.

138 2033 223 2094 XIV.
238 2031 440 2093 Consularium
461 2032 566 2111 primus
583 2031 671 2090 Aulus
689 2030 775 2092 Plau-

95 2117 153 2180 1ius
172 2115 351 2195 praepositus,
368 2133 402 2172 ac
422 2112 540 2172 subinde
559 2110 687 2171 Ostorius
705 2113 775 2172 Sca»-

97 2196 185 2279 pula,
207 2216 322 2275 uterque
341 2194 417 2254 bello
434 2195 562 2276 egregius
582 2215 588 2250 :
607 2192 775 2274 redailaque

96 2278 246 2360 paullatim
272 2278 303 2338 iu
325 2274 450 2336 formam
470 2275 620 2355 provincia
647 2277 793 2356 proxima.

100 2380 164 2442 pars
184 2359 334 2418 Britanniae
360 2382 367 2416 ε
390 2356 486 2418 addita
505 2358 614 2436 iusuper
633 2375 777 2418 veterano·

67 2488 72 2493 ,
100 2463 164 2503 rum
183 2441 296 2500 colonia
310 2439 459 2520 :quaedam
476 2441 601 2506 civitates
619 2437 776 2521 Cogiduuo

102 2524 164 2605 tegi
179 2523 289 2582 douarae
308 2526 322 2592 (
338 2524 361 2582 is
377 2521 414 2582 ad
430 2519 553 2587 nostram
567 2541 653 2601 usque
668 2542 778 2580 merno-

102 2606 178 2667 riam
201 2602 357 2665 fidissimus,
379 2606 510 2679 mansit)
537 2622 627 2663 vetere
656 2623 689 2662 ac
717 2607 777 2680 jam

102 2685 211 2766 pridem
235 2684 345 2764 recepti
363 2686 459 2766 populi
480 2683 606 2752 Romani
624 2702 775 2744 consueru-

102 2766 193 2843 dine2
212 2787 244 2830 ut
263 2764 379 2842 haberet
397 2765 580 2830 iustrumenta
594 2767 731 2829 servitutis
749 2773 777 2828 δι
