2000 3684
205 319 454 394 Anniani
478 322 562 394 Lim
586 323 691 397 XVI.
724 333 793 415 269

107 445 189 504 mine
208 445 410 523 conjurationis
430 446 460 504 in
478 444 639 506 Sardiniam
658 449 796 511 erastus»

106 543 228 604 accepto
254 531 333 604 jussae
356 528 455 585 mortis
483 529 608 598 nuncio,
632 547 722 588 semet
741 529 792 588 in·

108 605 229 666 terfecit.
250 605 361 676 Mella,
382 607 484 686 quibus
502 607 601 668 Gallio
619 617 647 670 ic
667 609 795 680 Seneca,

39 719 43 724 ·
130 687 274 746 arentibus
295 706 397 757 natus,
417 689 553 766 petitione
576 685 717 750 bonorum
739 691 793 752 ab·

106 707 266 840 ilinuerat,
288 789 335 848 per¹
365 769 554 828 ambitionem
580 767 794 850 ptaepoileram,

108 868 143 908 ut
165 870 250 930 eques
272 849 421 910 Romanus
444 851 638 911 consularibus
666 850 794 932 potentii

108 950 265 1010 sequeretur
298 951 304 988 t
343 930 428 990 simul
461 931 637 1013 acquirendrc
670 935 794 1013 pecunie

68 1027 79 1040 ·
105 1011 220 1070 brevius
242 1013 293 1070 iter
319 1010 479 1083 credebat,
506 1034 554 1093 per
582 1016 793 1093 procurationes

106 1089 338 1152 administrandis
376 1094 510 1174 principis
545 1096 678 1179 negotiis.
710 1094 793 1156 Idem

106 1163 250 1234 Annccum
272 1173 418 1232 Lucanum
439 1196 593 1268 genuerat,
610 1174 716 1271 grande
731 1177 789 1238 ad-

104 1259 269 1334 jumentum
295 1255 468 1316 claritudinis
496 1280 504 1314 r
527 1279 585 1339 quo
613 1256 791 1330 interfecto,

107 1335 180 1396 dum
197 1351 257 1394 rem
275 1335 445 1396 familiarem
463 1343 521 1414 ejus
539 1341 637 1400 acriter
653 1341 791 1420 requirit,

58 1479 64 1492 ,
105 1437 301 1478 accusatorem
324 1421 447 1480 concivit
464 1419 584 1480 Fabium
601 1419 790 1492 Romanum,

105 1517 144 1561 'ex
162 1500 270 1559 intimis
290 1501 397 1560 Lucani
412 1502 519 1561 amicis,
536 1503 637 1562 Misera
650 1503 789 1576 interpa-

105 1601 178 1641 crcm
192 1581 333 1660 filiumque
351 1583 549 1659 conjurationis
567 1584 685 1642 scicntia
703 1579 791 1664 fingi-

106 1683 171 1732 tur,
189 1660 363 1721 adsimulatis
380 1661 489 1722 Lucani
509 1662 606 1722 litteris
627 1685 634 1719 :
657 1683 726 1744 ques
746 1663 790 1724 iu·

104 1747 216 1823 spectes
234 1742 312 1804 Nero
329 1743 402 1820 ferri
426 1748 462 1802 ad
485 1766 545 1802 eum
564 1744 664 1823 jussit,
686 1743 790 1824 opibus

106 1831 167 1904 ejus
186 1821 305 1885 inhians.
329 1823 369 1884 At
389 1823 479 1886 Mem
491 1871 504 1895 ,
523 1847 584 1906 quae
604 1845 666 1884 tum
691 1843 789 1905 prom-

103 1906 237 1988 ptissima
250 1907 347 1966 mortis
358 1907 420 1976 viu,
431 1908 550 1966 exsolvit
563 1929 667 1967 venas:
681 1907 790 1987 scriptis

102 1985 268 2060 codicillis,
292 1987 393 2068 quibus
419 1987 555 2070 grandem
581 1988 731 2069 pecuniam
758 1986 789 2048 iu

102 2065 306 2151 Tigellinum,
327 2089 517 2150 generumque
537 2074 616 2148 ejus,
636 2067 789 2128 Cossutia·

99 2171 177 2212 rium
209 2147 400 2230 Capitonem,
429 2150 584 2230 erogabat,
612 2147 670 2228 qud
697 2169 788 2210 cetere
847 2158 849 2167 '

100 2249 261 2292 inunerent.
290 2229 412 2290 Additur
442 2229 608 2300 codicillis,
639 2249 787 2310 tamquam

103 2313 142 2372 de
159 2313 306 2390 iniquitate
326 2313 404 2370 exitii
422 2332 538 2390 querens
559 2312 599 2368 ita
617 2311 767 2389 scripsisset
777 2335 787 2381 3

102 2395 260 2470 sequidem
278 2395 347 2452 mori
364 2393 448 2460 nullis
467 2389 597 2466 supplicii
611 2391 790 2461 causis,Ru-

98 2477 175 2556 fiam
189 2491 278 2532 tumen
294 2473 462 2548 Crispinum,
476 2471 642 2534 &Anicium
656 2468 789 2534 Cerialem

103 2557 172 2618 vira*
177 2555 240 2632 frui
254 2599 265 2622 ,
287 2555 408 2632 infensos
425 2553 546 2629 principi
559 2579 568 2613 .·
586 2574 648 2634 quae
663 2575 786 2634 compo-

104 2637 161 2696 sita
189 2631 391 2706 credebantur,
416 2634 449 2694 de
468 2636 630 2716 -Crispino,
647 2636 715 2715 quia
736 2637 785 2696 in-

102 2716 237 2777 terfectus
258 2716 391 2794 eret‚,de
416 2715 546 2794 Ceriale,
569 2736 599 2776 ut
621 2713 788 2794 interlicere-

100 2818 149 2862 tur
167 2822 174 2858 ι
191 2799 373 2880 nequeenim
393 2797 484 2858 multo
495 2796 557 2880 pbst
568 2800 628 2857 vim
642 2797 697 2857 sibi
707 2817 785 2861 attu-

575 2877 611 2941 M
634 2880 664 2960 iij
