2000 3684
235 339 303 408 354
356 316 392 386 C.
421 318 567 386 Corn.
600 313 791 386 TAchI

230 438 294 497 toli
319 438 442 496 militum
464 437 547 497 ardor
572 437 741 508 eminebat,
765 446 795 497 δι
827 429 914 500 linem

231 521 366 578 orationis
390 521 491 599 ingens
520 519 647 578 alacritas
674 537 829 578 consecuta
856 519 913 591 est,

230 598 380 680 statimque
401 601 438 660 ad
466 618 544 659 arma
574 600 736 659 discursum.
761 597 913 660 Instintios

230 697 395 762 ruentesque
413 683 453 742 ita
476 680 634 759 disposuit,
653 699 683 740 ut
703 679 835 760 peditum
860 704 913 742 au-

230 762 317 831 xilia,
330 783 391 842 quae
401 765 468 822 osto
478 762 568 823 millia
578 781 670 833 erant,
682 762 811 822 mediam
823 766 913 823 aciem

230 839 396 915 firmarent,
423 845 550 926 equitum
580 845 633 903 tria
661 844 751 902 millia
781 846 913 904 cornibus

232 921 440 984 effunderentur
462 948 469 982 ι
490 925 616 1007 legiones
634 925 779 1004 provallo
799 923 914 997 stetere,

232 1007 332 1088 ingens
350 1005 473 1065 vitioriae
489 1004 574 1065 decus
586 1007 655 1064 citra
669 1005 840 1064 Romanum
855 1029 915 1067 san·

233 1089 349 1169 guinem
363 1087 479 1146 bellanti
486 1128 497 1157 ‚
513 1096 540 1147 δι
558 1089 711 1157 auxilinm,
725 1089 751 1146 si
769 1088 913 1165 pelleren-

232 1185 284 1228 tur.
306 1169 504 1227 Britannorum
523 1169 618 1237 acies,
638 1169 810 1248 inspeciem
832 1171 917 1230 simul

231 1271 266 1308 ac
279 1267 429 1320 terrorem,
450 1249 618 1310 editioribus
628 1249 697 1309 lotis
710 1248 916 1323 constiterant,

231 1331 271 1390 it‘a
300 1349 331 1392 ut
350 1332 472 1411 primum
500 1351 606 1414 agmen
630 1351 731 1411 aequo,
759 1335 847 1391 ceteri
871 1351 918 1413 per

231 1413 338 1472 acclive
360 1417 459 1495 jugum
479 1414 599 1472 connexi
619 1413 696 1472 velut
717 1415 917 1496 insurgerent3

233 1493 327 1553 media
353 1496 447 1573 campi
468 1491 627 1553 covinarins
649 1503 677 1554 δι
698 1513 783 1575 eques
800 1493 917 1576 strepitu
953 1567 956 1572 Ι

232 1597 266 1635 ac
279 1576 402 1636 discursu
419 1575 587 1654 complebat.
598 1571 677 1634 Tum
694 1575 855 1659 Agricola,
870 1599 918 1636 su-

231 1676 348 1737 perante
372 1651 494 1715 hostinm
519 1657 724 1726 multitudine,
746 1659 852 1718 veritus
882 1677 918 1717 ne

232 1738 317 1797 simul
337 1739 366 1797 in
385 1737 526 1807 frontem,
542 1737 625 1797 simul
644 1737 777 1798 &latera
798 1759 916 1798 suorum

232 1838 424 1901 pugnaretur,
456 1818 577 1878 diduclis
606 1817 773 1891 ordinibus,
810 1841 915 1900 quam·

231 1916 319 1978 quam
343 1901 494 1978 por-tetrior
514 1899 587 1960 acies
606 1899 699 1959 futura
718 1917 796 1971 erat,
819 1905 847 1960 ac
871 1923 917 1961 ar·

230 1983 374 2044 canendas
400 1981 524 2062 plerique
546 1982 665 2060 legiones
692 1981 912 2053 admonebant,

231 2063 390 2141 promptior
415 2062 446 2121 in
466 2083 565 2141 spem,
580 2072 617 2122 ’δι
645 2059 750 2122 firmus·
768 2063 913 2136 adversis,

232 2139 349 2202 dimisso
361 2162 434 2223 equo
446 2143 529 2223 pedes
540 2165 605 2203 ante
613 2145 718 2204 vexilla
729 2143 862 2204 constitit.

272 2223 414 2284 XXXVI.
438 2226 481 2284 Ac
508 2227 600 2303 ptimo
625 2245 775 2306 congressu
804 2227 913 2286 eminus

231 2306 388 2365 certabatur
410 2329 417 2362 :
443 2304 528 2364 simul
553 2303 731 2377 constantii,
751 2308 837 2366 simul
856 2327 912 2366 arte

231 2386 374 2455 Britanni,
405 2386 567 2467 ingentibus
596 2387 698 2468 gladiis
728 2397 755 2447 δι
781 2389 912 2448 brevibus

231 2470 334 2538 certis,
358 2468 474 2526 missilia
492 2465 651 2542 nostrorum
672 2471 778 2540 vitare,
799 2468 846 2527 vel
863 2489 912 2526 ex-

232 2568 345 2619 cutere,
369 2567 452 2628 atque
475 2550 528 2627 ipsi
551 2569 598 2609 ma
620 2571 687 2610 nam
706 2552 767 2610 vim
792 2550 911 2609 telorum

230 2628 430 2709 superfundere
454 2652 462 2686 τ
483 2630 574 2690 donec
593 2571 729 2714 dgritola
749 2651 802 2690 tres
822 2631 911 2692 Bata-

232 2731 334 2770 vorum
357 2709 485 2771 cohortes
508 2735 540 2772 ac
563 2713 746 2794 Tungrorum
771 2713 841 2772 duas
866 2731 912 2770 to-

233 2787 360 2854 hortatus
380 2790 437 2865 est,
458 2812 489 2854 ut
505 2794 613 2856 remed
634 2815 781 2855 mucrones
799 2815 833 2857 ac
845 2813 912 2856 ma·
