2000 3684
224 339 649 412 Grumum.
721 365 784 431 30¹

109 462 200 544 patris
218 479 266 520 seu
286 460 454 541 propinqui,
473 457 559 540 quim
579 461 718 528 amicitias
738 481 792 522 tte·

112 562 188 606 cesse
210 539 250 600 est
268 563 274 596 ι
292 561 344 600 nec
357 540 549 618 implacabiles
565 540 673 604 distant.
690 543 790 615 Luitur

114 623 193 682 enim
213 622 299 681 etiam
325 617 514 680 homicidium
541 641 615 682 certo
641 643 789 684 armento·

110 724 176 762 rum
192 724 226 762 ac
248 723 381 783 pecorum
401 722 543 772 numero,
565 701 662 782 recipit
683 725 717 763 uc
738 727 787 766 sa-

110 782 306 844 tisfadiionem
331 785 458 843 universa
484 783 613 844 domus:
635 725 736 844 utiliter
758 789 788 847 in

109 865 280 946 publicum3
312 866 380 945 quia
404 861 613 944 periculosiores
642 883 705 924 sunt
732 867 789 926 ini-

108 947 226 1006 micitie
248 949 326 1025 juxta
355 945 521 1006 libertatem.
551 943 740 1006 Convidlibus
760 957 791 1014 ss

109 1023 242 1106 hospitiis
266 1047 326 1086 non
346 1027 403 1086 alia
423 1047 491 1108 gens
515 1021 627 1086 effiuids
651 1026 789 1110 indulget.

109 1107 330 1188 Quemcumque
362 1108 528 1168 mortalium
557 1128 650 1168 arcere
681 1111 755 1168 tedio
774 1153 790 1180 ,

108 1187 191 1249 nefas
208 1186 326 1248 habetur
348 1212 355 1245 ι
381 1209 432 1269 pro
456 1187 568 1248 fortuna
595 1189 712 1272 quisque
737 1211 789 1270 ap·

108 1271 214 1351 paratis
249 1270 336 1349 epulis
368 1271 479 1348 excipit.
511 1269 609 1348 Quum
640 1269 789 1344 defecere,

109 1353 161 1431 qui
182 1348 272 1410 modo
289 1347 389 1430 hospes
405 1349 514 1422 fuerat,
536 1348 704 1412 monstrator
724 1347 790 1414 hos·

109 1433 176 1514 pitii
203 1441 231 1492 ἃ
258 1451 376 1503 comes,
399 1433 558 1510 proximam
584 1431 702 1492 domum
726 1455 789 1496 non

111 1515 226 1573 invitati
243 1511 369 1572 adeunt:
386 1533 438 1572 nec
457 1511 586 1574 interest:
606 1515 665 1593 pari
684 1510 787 1576 huma-

108 1596 202 1654 nitate
228 1596 408 1674 accipiuntut.
434 1593 546 1654 Notum
576 1593 784 1675 ignotumque,

65 1732 68 1738 ,
108 1693 249 1756 quantum
268 1674 365 1755 adjus
389 1672 506 1754 hospitii
516 1719 526 1746 ,
546 1695 631 1735 nemo
646 1673 789 1738 discernit.

108 1757 253 1828 Abeunti,
278 1758 302 1818 si
332 1755 400 1838 quid
426 1758 602 1836 poposcerit,
633 1755 788 1816 concedere

107 1839 219 1911 moris:
241 1847 269 1898 δι
292 1836 425 1916 poscendi
444 1839 565 1904 invicem
585 1836 783 1918 eademsfaci-
813 1885 816 1891 .

111 1920 185 1979 litas.
209 1918 343 1980 Gaudent
366 1918 528 1979 muneribus
553 1942 560 1976 ε
584 1917 631 1980 sed
647 1939 699 1978 nec
717 1919 788 1980 data

111 2001 274 2079 imputant,
294 2022 346 2060 nec
362 2001 481 2080 acceptis
497 1999 668 2084 obligantur.
682 2001 788 2062 Vicius

106 2081 180 2140 inter
195 2078 317 2161 hospites
333 2083 431 2144 comis.

64 2235 70 2241 .
147 2161 244 2222 XXII.
262 2163 365 2222 Statim
386 2184 400 2220 e
420 2183 539 2232 somno,
557 2182 642 2242 quem
661 2161 783 2242 plerum-

106 2262 193 2325 quem
210 2245 240 2302 iu
252 2241 329 2304 diem
346 2241 512 2313 extrahunt,
526 2243 672 2312 lavantur,
685 2246 789 2322 saepius.

106 2321 217 2396 calidi,
237 2344 267 2384 ut
284 2323 358 2404 apud
397 2345 447 2384 uos
466 2324 616 2404 plurimum
630 2319 721 2384 hiems
734 2347 785 2384 oc-

108 2424 201 2486 cupat.
228 2406 332 2480 Laud,
362 2407 390 2464 ci
410 2426 459 2464 um
484 2406 601 2484 capiunt
618 2425 782 2486 :separatae

107 2487 226 2569 singulis
246 2485 341 2558 sedes,
359 2495 387 2547 &
402 2509 452 2547 sua
466 2488 566 2568 cuique
582 2507 689 2548 mensa.
702 2485 788 2553 Tum

106 2565 146 2628 ad
165 2589 201 2626 ne
221 2571 298 2639 otia,
318 2589 370 2626 nec
391 2567 483 2628 mimis
503 2587 573 2647 saepe
594 2565 631 2626 ad
648 2570 781 2630 convivia

106 2588 261 2732 procedunt
280 2651 390 2710 armati.
407 2650 495 2710 Diem
515 2651 684 2728 nodlemque
704 2669 789 2728 con-¹

108 2732 216 2792 tinuare
234 2729 379 2812 potando,
398 2731 469 2790 nulli
486 2729 629 2812 probrum.
649 2727 780 2804 Ctehrae,

106 2830 138 2875 ut
156 2813 227 2876 iuter
244 2812 419 2884 vinolentos,
437 2813 500 2872 rixa
511 2807 613 2896 ,rath
625 2811 787 2888 conviciis,-
