2000 3684
222 351 289 420 292
351 329 388 400 C.
417 332 567 402 corn.
595 331 802 402 ‘Taeter

220 451 309 520 deos,
336 471 427 530 neque
449 452 479 510 in
497 452 586 512 ullam
610 449 728 512 humani
755 455 813 513 oris
839 475 906 534 spe·

221 535 294 590 ciem
315 531 507 602 adsimulare,
527 554 560 593 ex
582 533 778 616 magnitudine
803 537 906 595 coeles-

221 613 294 672 tium
307 612 475 672 arbitrantur
493 637 500 671 ε
519 615 597 673 lucos
618 611 649 673 ac
665 635 780 675 nemora
795 636 903 676 conse-

219 713 325 766 crant,
362 693 533 776 deorumque
561 696 725 755 nominibus
759 697 905 776 appellant

221 794 359 835 secretum
386 775 480 847 illud,
503 775 581 857 quod
606 774 666 837 soli
688 776 844 836 reverentii
862 779 905 839 vi·

220 855 298 920 dent.
864 893 867 898 ·

266 939 304 999 Χ.
323 938 456 1018 Auspicia
472 956 635 1018 sortesque,
648 957 680 998 ut
714 939 742 996 ui
757 939 885 998 maxime
894 985 905 1018 ,

224 1019 382 1080 observant.
408 1021 534 1080 Sortium
562 960 733 1079 consueruio
755 1021 905 1099 simplex:

219 1104 353 1184 uirgam,
370 1100 510 1184 frugifera
526 1100 619 1160 arbori
637 1100 781 1170 decisam,
799 1103 830 1160 in
849 1123 908 1162 sur-

225 1184 303 1242 culos
317 1201 482 1261 amputant,
499 1203 623 1262 eosque,
639 1183 714 1241 notis
733 1181 907 1263 quibusdam

226 1263 378 1334 discretos,
402 1284 483 1343 super
502 1262 652 1322 candidam
674 1260 778 1321 vestem
801 1282 907 1322 temere

226 1366 260 1405 ac
276 1342 393 1405 fortuito
405 1364 540 1427 spargunt
554 1367 560 1400 τ
576 1364 660 1414 mox,
671 1346 693 1403 si
708 1344 820 1424 publice
838 1365 908 1406 con-

222 1427 352 1497 sulatur,
374 1426 503 1486 sacerdos
526 1426 646 1484 civitatis
656 1447 667 1496 5
687 1426 729 1492 sin
748 1428 907 1505 privatim,

227 1510 287 1589 ipse
314 1506 507 1590 paterfamiliae
527 1525 650 1586 precatus
671 1505 758 1576 deos,
783 1507 908 1566 coelum.

221 1604 285 1671 que
305 1591 471 1670 suspiciens,
486 1607 528 1647 ter
547 1589 674 1670 singulos
696 1589 786 1660 tollit,
810 1589 908 1649 subla·

230 1691 274 1731 tos
293 1671 446 1731 secundum
471 1672 634 1749 impressam
653 1668 718 1728 ante
740 1687 842 1728 notam
865 1672 910 1731 in-

231 1771 402 1832 terpretatur.
435 1753 466 1812 Si
497 1748 727 1830 prohibuerunt,
762 1751 840 1810 nulla
875 1751 911 1816 de

232 1833 333 1893 eadem
356 1855 385 1892 re
404 1835 434 1892 ln
453 1832 584 1892 eumdem
604 1832 680 1900 diem
703 1833 874 1892 consultatio
902 1857 909 1894 ι

232 1916 277 1974 sin
300 1917 487 1994 permissum,
510 1915 697 1994 auspiciorum
724 1910 817 1972 adhuc
840 1911 912 1974 fides

234 1997 362 2078 exigitur.
387 1995 426 2055 Et
448 1995 519 2054 illud
535 1995 649 2076 quidem
669 1996 755 2053 etlam
778 1991 824 2053 hic
850 2015 911 2054 no-

234 2096 317 2149 rum,
345 2078 441 2138 avium
474 2095 578 2147 voces,
604 2076 769 2156 volatusque
796 2077 914 2134 lnterro-

236 2178 302 2243 gare
325 2181 333 2216 ε
355 2161 497 2240 proprium
517 2160 624 2242 gentis,
644 2177 780 2238 equorum
798 2178 915 2237 quoque

224 2242 370 2324 -ptaesagia
400 2261 433 2300 ac
469 2241 593 2298 monitus
624 2239 739 2318 experiri
765 2261 772 2294 τ
800 2237 916 2318 publice

235 2323 348 2381 aluntur
371 2321 471 2382 lisdem
490 2319 653 2380 nemoribus
671 2341 703 2378 ac
724 2319 817 2390 lucis,
839 2340 914 2379 can-

224 2402 300 2463 lidi
311 2412 341 2463 &
357 2404 436 2463 nullo
454 2403 568 2462 mortali
588 2421 671 2482 opere
685 2402 825 2459 contacii:
841 2421 918 2480 quos

239 2505 347 2565 pressos
367 2506 446 2545 sacro
467 2505 546 2543 curru
569 2481 695 2544 sacerdos
717 2503 749 2540 ac
769 2501 841 2550 rex,
866 2482 919 2543 vel

241 2567 367 2647 princeps
385 2568 505 2626 civitatis
527 2566 716 2634 comitantur,
732 2559 918 2642 hinnitusque

241 2668 275 2707 ac
300 2645 425 2708 fremitus
448 2648 607 2706 observant.
635 2646 697 2706 Nec
719 2643 769 2703 ulli
787 2645 917 2722 auspicio

242 2734 333 2795 maior
359 2725 450 2798 fides,
475 2749 534 2786 non
564 2728 655 2787 solum
678 2725 753 2806 apud
780 2723 915 2804 plebem,

240 2809 289 2869 red
313 2809 387 2890 apud
411 2827 557 2892 proceres,
584 2808 657 2890 apud
686 2805 850 2868 sacerdotes.
878 2805 917 2866 Se
