2000 3684
149 319 398 393 ‚lavationi
422 323 506 392 lit.
530 325 632 396 XVI.
684 349 754 414 279

7 495 11 512 ,,
61 443 154 505 mini
165 445 250 524 patris
267 441 355 508 liliam
370 444 574 516 connectebat,
590 445 664 523 qald
670 469 755 521 peca-

60 526 155 584 niam
168 523 269 602 Magis
279 525 410 602 dilargita
426 543 507 585 esset.
524 525 672 588 Acciderat
686 547 754 587 sanc

7 645 11 676 :
60 607 182 687 pietate
205 605 327 665 Servilia
349 604 406 678 <id
429 607 507 665 enim
527 627 633 667 nomen
654 609 755 688 puelle

7 728 11 757 ,-
62 685 131 746 fuit
149 694 162 761 )
183 705 264 766 quat,
280 687 393 746 caritate
407 707 473 770 erga
491 707 651 768 parentem,
670 689 755 750 simul

8 831 11 838 ,
61 765 269 846 imprudenti&
286 768 389 838 antis,
403 789 462 828 non
480 786 577 828 tamen
593 769 672 829 aliud
689 791 756 830 con-

8 893 9 902 ,
64 848 252 918 saltaverat,
269 848 356 928 qu'am
375 851 406 908 de
427 850 615 909 incolumitate
639 851 755 922 amis,

66 926 99 988 ἃ
125 952 164 988 an
175 929 324 1004 placabilis
340 929 435 1000 Nero,
455 953 492 989 an
508 931 627 1010 cognitio
644 933 757 990 senatis

64 1009 156 1070 nihil
170 1029 251 1069 atrox
268 1009 393 1089 adferret.
413 1010 426 1069 l
449 1012 504 1070 itur
512 1014 602 1070 accita
616 1009 655 1070 est
665 1013 695 1071 in
708 1033 756 1071 se·

65 1111 202 1160 nattam,
222 1089 408 1171 stetentntqne
428 1031 556 1152 livera:
582 1112 646 1154 ante
666 1092 756 1151 tribu·

66 1173 124 1232 nal
139 1172 305 1242 consulum,
320 1170 434 1256 grandis
449 1194 510 1232 nvo
523 1194 643 1253 paren53
660 1172 758 1248 contri
846 1211 853 1221 ·

69 1251 158 1325 filia,
176 1255 250 1314 intra
264 1255 431 1314 vicesimum
452 1256 541 1314 attans
560 1275 686 1326 annum,
702 1277 757 1315 nu-

67 1355 124 1418 per
148 1336 273 1406 marito,
291 1334 389 1394 Annio
408 1335 558 1407 Pollione,
579 1338 609 1396 in
628 1337 757 1397 exsilium

69 1417 181 1498 pulso,
199 1415 314 1476 viduata
331 1414 511 1498 desolataque
529 1439 536 1474 ε
552 1438 585 1475 ac
602 1438 638 1477 ne
650 1437 759 1501 patrem

71 1497 198 1580 quidem
224 1498 355 1568 intuens,
387 1501 462 1578 cujus
488 1517 616 1558 onerasse
635 1498 759 1580 pericula

68 1578 236 1641 videbatur.
374 1637 375 1642 ,

117 1659 233 1728 XXXI.
259 1658 337 1720 Tum
363 1661 554 1742 interrogante
576 1678 759 1734 accusatore,

72 1766 114 1803 an
131 1741 222 1802 cultus
237 1743 359 1811 dotales,
375 1765 411 1800 an
425 1744 571 1801 detractum
587 1741 690 1800 convici
705 1765 760 1800 ›no-

72 1825 135 1884 nile
147 1844 247 1882 venam
261 1824 397 1893 dedisset,
414 1823 464 1900 qul
471 1823 616 1897 pecuniam
618 1823 760 1900 faciendis

73 1905 197 1984 magicis
215 1905 304 1962 sactis
323 1903 518 1962 contraheret?
535 1905 657 1983 primum
675 1902 761 1966 strata

72 1983 189 2056 humi,
212 1984 356 2068 longoque
377 1987 443 2042 fletu
469 1993 496 2044 &
520 1985 654 2056 silentio,
675 1983 758 2066 prist,

72 2068 181 2127 altaria
198 2073 225 2124 &
237 2086 315 2126 aram
332 2065 498 2146 complexa,
515 2065 634 2137 Nullos,
645 2068 757 2148 inquit,

72 2150 181 2222 impios
200 2149 292 2217 deos,¹
305 2147 396 2206 nullas
415 2147 594 2216 devotiones,
615 2169 662 2204 nec
682 2147 762 2206 aliud

72 2227 235 2308 infelicibus
248 2227 372 2302 precibus
390 2228 538 2296 invocavi,
552 2226 632 2304 quim
644 2245 675 2284 ut
688 2227 760 2286 lianc

74 2313 215 2386 optimum
224 2327 330 2382 patrem
341 2327 390 2378 tu,
405 2311 508 2378 Cnsar,
524 2304 551 2367 Θ
566 2311 634 2378 vo's,
641 2326 757 2382 patres,

75 2391 234 2468 servaretis
250 2391 416 2448 incolomem.
430 2387 479 2452 Sit
492 2411 631 2467 gemmas,
648 2385 756 2449 &ves-

76 2492 123 2534 tes
131 2518 144 2544 ,
163 2469 190 2532 l?
209 2471 355 2550 dignitatis
371 2471 494 2549 insignia
514 2471 595 2540 dedi,
611 2475 758 2547 quomodo,

74 2557 107 2616 si
115 2553 278 2632 sanguinem
288 2548 314 2611 ἃ
324 2554 413 2614 vitam
415 2552 613 2626 poposcissent.
630 2551 760 2610 Viderint

77 2636 143 2719 isti,
162 2633 278 2693 antehac
291 2632 361 2692 milti
372 2633 475 2712 ignati,
492 2653 543 2709 quo
557 2632 666 2690 nomine
680 2631 756 2702 sint,

77 2738 150 2795 qaas
168 2734 241 2774 artes
262 2733 401 2774 exerceant
420 2737 430 2772 :
446 2713 524 2771 nulla
541 2712 610 2772 milti
622 2713 759 2788 principis

77 2797 186 2861 mentio
199 2842 213 2869 ,
238 2797 297 2855 nisi
323 2797 396 2854 inter
423 2795 545 2854 numina.
560 2794 630 2872 ficit.
659 2793 758 2855 Nescit
