2000 3684
161 356 423 429 Amnon
447 357 532 426 lin.
558 354 640 429 XV.
678 375 750 449 ²47

58 495 95 540 ut
115 479 175 562 post
201 479 320 538 occisum
343 480 425 554 operti
448 479 563 540 Pisonis
586 480 723 541 Neronem
736 495 754 554 ,’

58 559 136 622 Piso
147 581 247 638 quoque
258 558 471 640 intentorum
483 563 680 640 tradereturque
693 566 751 623 im-

55 643 170 718 perium
186 641 317 712 Seneca,
337 643 421 719 quasi
427 683 440 712 ,
461 643 569 702 insonti
584 642 751 705 claritudine

60 725 210 792 virtutum,
222 724 540 806 adsummumfhfligium
547 725 655 785 deletio.
667 727 751 804 Quin

62 812 93 866 δι
111 803 198 863 verba
219 805 309 864 Flavii
332 805 546 886 vulgabantur:
565 805 632 865 Non
652 807 755 884 referre

61 885 211 955 dedecori,
237 885 266 943 si
296 883 459 945 citharedus
488 889 695 958 demoveretur,
720 885 751 948 it

62 969 202 1045 tragoedus
214 969 363 1026 succederet
378 989 388 1026 .·
403 968 489 1048 quia,
510 984 542 1026 nt
560 967 642 1027 Nero
659 966 751 1030 citha·

62 1045 116 1118 ri,
137 1047 177 1106 iti
192 1049 258 1106 Piso
277 1043 386 1144 tragico
407 1049 656 1110 ornatuzcanebae

105 1127 216 1188 LXVI.
238 1127 374 1195 Ceterum
398 1130 531 1189 militaris
548 1151 663 1212 quoque
681 1152 750 1192 con·

62 1211 181 1289 spiratio
198 1229 255 1270 non
269 1209 341 1269 uitri
354 1208 472 1282 fefellit,
492 1215 616 1272 accensis
633 1233 750 1294 quoque
814 1245 818 1250 ·

63 1289 214 1350 indicibus.
226 1291 262 1350 ad
284 1290 461 1371 prodendum
481 1291 600 1352 Fenium
617 1294 747 1367 Rufum,

62 1393 151 1453 quern
186 1371 319 1432 eumdem
350 1375 516 1446 conscium,
547 1384 575 1435 u
597 1377 749 1457 inquisito-

62 1473 142 1524 rem,
160 1476 220 1514 non
239 1453 405 1514 tolerabant.
427 1455 507 1538 Ergo
526 1455 641 1516 instanti
659 1459 749 1516 mini-

63 1537 215 1615 tantique,
230 1535 359 1596 renidens
374 1536 526 1607 Stevinus,
551 1539 686 1598 neminem
706 1541 749 1599 ait

56 1619 147 1692 pluro
155 1619 226 1676 scire
237 1615 317 1694 quim
336 1618 433 1693 ipsum.
447 1616 641 1699 Hortatusque
652 1621 749 1692 uitro,

63 1700 187 1758 redderet
203 1715 260 1758 tom
271 1699 339 1757 bono
348 1700 470 1774 principi
487 1700 586 1760 vicem.
605 1699 675 1760 Non
689 1721 750 1762 vox

60 1779 216 1840 adversum
241 1799 272 1840 ea
298 1779 406 1851 Fenio,
427 1799 486 1839 non
506 1780 675 1853 silentium
698 1781 750 1843 sed

61 1861 153 1923 verba
175 1881 224 1922 sua
243 1861 433 1944 propediens,
455 1870 484 1922 tt
513 1863 625 1942 pavoris
648 1867 748 1924 mani-

62 1941 173 2013 festus,
204 1946 373 2025 ceterisque,
398 1961 432 2002 ac
457 1945 584 2003 maximi
607 1944 748 2007 Cervario

59 2024 209 2096 Proculo,
229 2025 343 2106 e'quite,
367 2024 404 2085 ad
431 2025 658 2087 convincendum
680 2049 748 2088 eum

61 2105 208 2177 connisis,
226 2111 302 2186 jussu
323 2108 517 2188 Imperatoris,
537 2129 554 2168 a
571 2107 675 2169 Cassio
694 2112 750 2168 mi-

60 2189 134 2259 lite,
153 2189 204 2268 qui
222 2189 261 2246 ob
283 2190 393 2272 insigne
413 2190 536 2268 corporis
556 2189 642 2249 tobut
657 2188 748 2252 adstu-

61 2270 136 2340 bat,
161 2271 322 2349 compunt,
341 2270 527 2350 vinciturque.

106 2349 234 2409 LXVII.
266 2349 339 2409 Mox
364 2351 529 2412 eorumdem
551 2350 660 2412 indicio
687 2352 746 2414 Su·

61 2432 145 2491 brius
158 2431 285 2502 Flavius,
302 2432 445 2504 tribunus,
463 2435 641 2514 pervertitur,
653 2433 748 2529 primi)

61 2513 329 2574 dissimilitudinem
358 2535 461 2574 morum
490 2514 526 2574 ad
553 2513 750 2577 defensionem

61 2591 198 2665 trahens,
229 2615 310 2672 tuque
340 2617 370 2654 se
402 2614 557 2667 armatum,
586 2619 646 2656 cum
672 2599 749 2657 iner-

62 2676 154 2737 mibus
178 2673 207 2736 ir
226 2676 411 2754 effiminatis,
433 2695 539 2737 tentum
549 2676 665 2756 facinus
684 2701 749 2739 con.-

61 2761 234 2817 sociatuntm
256 2781 271 2818 .-
291 2756 378 2827 dein,
408 2755 557 2839 postquam
579 2759 749 2843 urgebatur,

62 2839 253 2902 confessuris
278 2838 401 2923 glorIum
427 2840 598 2928 amplexus,
628 2843 754 2904 interto-

549 2920 626 2988 Lit
