<?xml version="1.0" encoding="UTF-8"?>
<!DOCTYPE html PUBLIC "-//W3C//DTD XHTML 1.0 Transitional//EN"
    "http://www.w3.org/TR/xhtml1/DTD/xhtml1-transitional.dtd">
<html xmlns="http://www.w3.org/1999/xhtml" xml:lang="en" lang="en">
 <head>
  <title>
</title>
<meta http-equiv="Content-Type" content="text/html;charset=utf-8" />
  <meta name='ocr-system' content='tesseract 3.04.00' />
  <meta name='ocr-capabilities' content='ocr_page ocr_carea ocr_par ocr_line ocrx_word'/>
</head>
<body>
  <div class='ocr_page' id='page_1' title='image "./ccorneliitaciti01lallgoog_0054.png"; bbox 0 0 2000 3684; ppageno 0'>
   <div class='ocr_carea' id='block_1_1' title="bbox 210 318 895 512">
    <p class='ocr_par' dir='ltr' id='par_1_1' title="bbox 210 318 895 512">
     <span class='ocr_line' id='line_1_1' title="bbox 210 318 784 409; baseline -0.002 -20"><span class='ocrx_word' id='word_1_1' title='bbox 210 345 258 409; x_wconf 89' lang='lat'>40</span> <span class='ocrx_word' id='word_1_2' title='bbox 336 319 374 389; x_wconf 88' lang='lat' dir='ltr'>C.</span> <span class='ocrx_word' id='word_1_3' title='bbox 402 318 554 390; x_wconf 76' lang='lat' dir='ltr'>Coun.</span> <span class='ocrx_word' id='word_1_4' title='bbox 584 321 784 388; x_wconf 73' lang='lat' dir='ltr'>Tacrrr</span> 
     </span>
     <span class='ocr_line' id='line_1_2' title="bbox 212 437 895 512; baseline 0.006 -12"><span class='ocrx_word' id='word_1_5' title='bbox 212 440 397 512; x_wconf 77' lang='lat' dir='ltr'>firmabatur5</span> <span class='ocrx_word' id='word_1_6' title='bbox 420 461 471 498; x_wconf 88' lang='lat' dir='ltr'>nec</span> <span class='ocrx_word' id='word_1_7' title='bbox 497 440 566 500; x_wconf 86' lang='lat' dir='ltr'>dum</span> <span class='ocrx_word' id='word_1_8' title='bbox 595 439 735 500; x_wconf 79' lang='lat' dir='ltr'>celebrare</span> <span class='ocrx_word' id='word_1_9' title='bbox 762 437 895 504; x_wconf 80' lang='lat' dir='ltr'>solennia</span> 
     </span>
    </p>
   </div>
   <div class='ocr_carea' id='block_1_2' title="bbox 212 521 990 603">
    <p class='ocr_par' dir='ltr' id='par_1_2' title="bbox 212 521 990 603">
     <span class='ocr_line' id='line_1_3' title="bbox 212 521 990 603; baseline 0.003 -22"><span class='ocrx_word' id='word_1_10' title='bbox 212 525 374 602; x_wconf 85' lang='lat' dir='ltr'>nuptiarum</span> <span class='ocrx_word' id='word_1_11' title='bbox 395 521 559 593; x_wconf 82' lang='lat' dir='ltr'>audebant,</span> <span class='ocrx_word' id='word_1_12' title='bbox 583 523 664 581; x_wconf 84' lang='lat' dir='ltr'>nullo</span> <span class='ocrx_word' id='word_1_13' title='bbox 687 524 818 603; x_wconf 84' lang='lat' dir='ltr'>exemplo</span> <span class='ocrx_word' id='word_1_14' title='bbox 841 524 896 583; x_wconf 85' lang='lat' dir='ltr'>de·</span> <span class='ocrx_word' id='word_1_15' title='bbox 989 522 990 531; x_wconf 43' lang='lat'>¹</span> 
     </span>
    </p>
   </div>
   <div class='ocr_carea' id='block_1_3' title="bbox 212 601 897 700">
    <p class='ocr_par' dir='ltr' id='par_1_3' title="bbox 212 601 897 700">
     <span class='ocr_line' id='line_1_4' title="bbox 212 601 897 700; baseline 0.001 -38"><span class='ocrx_word' id='word_1_16' title='bbox 212 604 302 664; x_wconf 69' lang='lat' dir='ltr'>dudit</span> <span class='ocrx_word' id='word_1_17' title='bbox 321 606 352 662; x_wconf 87' lang='lat' dir='ltr'>in</span> <span class='ocrx_word' id='word_1_18' title='bbox 366 603 486 663; x_wconf 87' lang='lat' dir='ltr'>domum</span> <span class='ocrx_word' id='word_1_19' title='bbox 502 606 595 697; x_wconf 68' lang='lat' dir='ltr'>patrui</span> <span class='ocrx_word' id='word_1_20' title='bbox 614 603 707 669; x_wconf 76' lang='lat' dir='ltr'>fratris</span> <span class='ocrx_word' id='word_1_21' title='bbox 721 601 795 664; x_wconf 79' lang='lat' dir='ltr'>filiae.</span> <span class='ocrx_word' id='word_1_22' title='bbox 810 605 897 700; x_wconf 71' lang='lat' dir='ltr'>Quin</span> 
     </span>
    </p>
   </div>
   <div class='ocr_carea' id='block_1_4' title="bbox 212 683 990 846">
    <p class='ocr_par' dir='ltr' id='par_1_4' title="bbox 212 683 990 846">
     <span class='ocr_line' id='line_1_5' title="bbox 212 683 990 765; baseline 0.001 -20"><span class='ocrx_word' id='word_1_23' title='bbox 212 693 240 745; x_wconf 66' lang='grc' dir='ltr'>ἃ</span> <span class='ocrx_word' id='word_1_24' title='bbox 269 683 424 755; x_wconf 87' lang='lat' dir='ltr'>incestum,</span> <span class='ocrx_word' id='word_1_25' title='bbox 452 701 505 757; x_wconf 84' lang='lat' dir='ltr'>ac,</span> <span class='ocrx_word' id='word_1_26' title='bbox 530 707 555 745; x_wconf 83' lang='lat' dir='ltr'>st</span> <span class='ocrx_word' id='word_1_27' title='bbox 581 705 773 765; x_wconf 83' lang='lat' dir='ltr'>sperneretur,</span> <span class='ocrx_word' id='word_1_28' title='bbox 800 706 837 744; x_wconf 90' lang='lat' dir='ltr'>ne</span> <span class='ocrx_word' id='word_1_29' title='bbox 862 702 896 746; x_wconf 77' lang='grc' dir='ltr'>ιιι</span> <span class='ocrx_word' id='word_1_30' title='bbox 989 694 990 765; x_wconf 67' lang='lat' dir='ltr'>i</span> 
     </span>
     <span class='ocr_line' id='line_1_6' title="bbox 212 767 990 846; baseline 0.001 -21"><span class='ocrx_word' id='word_1_31' title='bbox 212 767 320 825; x_wconf 80' lang='lat' dir='ltr'>malum</span> <span class='ocrx_word' id='word_1_32' title='bbox 342 768 486 846; x_wconf 85' lang='lat' dir='ltr'>publicum</span> <span class='ocrx_word' id='word_1_33' title='bbox 506 786 681 846; x_wconf 86' lang='lat' dir='ltr'>erumperet,</span> <span class='ocrx_word' id='word_1_34' title='bbox 706 767 895 829; x_wconf 77' lang='lat' dir='ltr'>metuebatur.</span> <span class='ocrx_word' id='word_1_35' title='bbox 989 806 990 811; x_wconf 22' lang='grc' dir='ltr'><strong><em>κ</em></strong></span> 
     </span>
    </p>
   </div>
   <div class='ocr_carea' id='block_1_5' title="bbox 210 846 896 1092">
    <p class='ocr_par' dir='ltr' id='par_1_5' title="bbox 210 846 896 1092">
     <span class='ocr_line' id='line_1_7' title="bbox 210 846 896 930; baseline 0 -23"><span class='ocrx_word' id='word_1_36' title='bbox 210 847 275 908; x_wconf 87' lang='lat' dir='ltr'>Nec</span> <span class='ocrx_word' id='word_1_37' title='bbox 286 847 351 907; x_wconf 71' lang='lat' dir='ltr'>ante</span> <span class='ocrx_word' id='word_1_38' title='bbox 360 851 465 910; x_wconf 78' lang='lat' dir='ltr'>omissa</span> <span class='ocrx_word' id='word_1_39' title='bbox 480 850 645 918; x_wconf 69' lang='lat' dir='ltr'>enuntio,</span> <span class='ocrx_word' id='word_1_40' title='bbox 658 846 746 930; x_wconf 67' lang='lat' dir='ltr'>quim</span> <span class='ocrx_word' id='word_1_41' title='bbox 756 849 896 922; x_wconf 74' lang='lat' dir='ltr'>Vitellius</span> 
     </span>
     <span class='ocr_line' id='line_1_8' title="bbox 211 929 892 1024; baseline 0.001 -35"><span class='ocrx_word' id='word_1_42' title='bbox 211 931 269 989; x_wconf 81' lang='lat' dir='ltr'>suis</span> <span class='ocrx_word' id='word_1_43' title='bbox 286 930 391 989; x_wconf 82' lang='lat' dir='ltr'>artibus</span> <span class='ocrx_word' id='word_1_44' title='bbox 406 929 436 988; x_wconf 91' lang='lat' dir='ltr'>id</span> <span class='ocrx_word' id='word_1_45' title='bbox 450 929 664 1010; x_wconf 84' lang='lat' dir='ltr'>perpetrandum</span> <span class='ocrx_word' id='word_1_46' title='bbox 676 930 803 1024; x_wconf 78' lang='lat' dir='ltr'>sumpsit.</span> <span class='ocrx_word' id='word_1_47' title='bbox 816 930 892 990; x_wconf 87' lang='lat' dir='ltr'>Per-</span> 
     </span>
     <span class='ocr_line' id='line_1_9' title="bbox 212 1011 896 1092; baseline -0.001 -22"><span class='ocrx_word' id='word_1_48' title='bbox 212 1013 413 1092; x_wconf 62' lang='lat' dir='ltr'>cunffltusque</span> <span class='ocrx_word' id='word_1_49' title='bbox 431 1011 591 1082; x_wconf 83' lang='lat' dir='ltr'>Caesarem,</span> <span class='ocrx_word' id='word_1_50' title='bbox 612 1034 650 1070; x_wconf 85' lang='lat' dir='ltr'>an</span> <span class='ocrx_word' id='word_1_51' title='bbox 662 1013 896 1091; x_wconf 63' lang='lat' dir='ltr'>jussas-papuli,</span> 
     </span>
    </p>
   </div>
   <div class='ocr_carea' id='block_1_6' title="bbox 107 1090 895 1165">
    <p class='ocr_par' dir='ltr' id='par_1_6' title="bbox 107 1090 895 1165">
     <span class='ocr_line' id='line_1_10' title="bbox 107 1090 895 1165; baseline -0.001 -12"><span class='ocrx_word' id='word_1_52' title='bbox 107 1138 120 1158; x_wconf 84' lang='lat'>.</span> <span class='ocrx_word' id='word_1_53' title='bbox 212 1115 250 1153; x_wconf 80' lang='lat' dir='ltr'>un</span> <span class='ocrx_word' id='word_1_54' title='bbox 273 1095 433 1152; x_wconf 73' lang='lat' dir='ltr'>aueorimi</span> <span class='ocrx_word' id='word_1_55' title='bbox 454 1093 568 1151; x_wconf 79' lang='lat' dir='ltr'>senariis</span> <span class='ocrx_word' id='word_1_56' title='bbox 590 1096 719 1152; x_wconf 79' lang='lat' dir='ltr'>cederet?</span> <span class='ocrx_word' id='word_1_57' title='bbox 747 1090 799 1150; x_wconf 89' lang='lat' dir='ltr'>ubi</span> <span class='ocrx_word' id='word_1_58' title='bbox 819 1092 895 1165; x_wconf 90' lang='lat' dir='ltr'>ille,</span> 
     </span>
    </p>
   </div>
   <div class='ocr_carea' id='block_1_7' title="bbox 211 1171 896 1659">
    <p class='ocr_par' dir='ltr' id='par_1_7' title="bbox 211 1171 896 1659">
     <span class='ocr_line' id='line_1_11' title="bbox 212 1171 896 1248; baseline 0.003 -16"><span class='ocrx_word' id='word_1_59' title='bbox 212 1195 296 1232; x_wconf 80' lang='lat' dir='ltr'>unum</span> <span class='ocrx_word' id='word_1_60' title='bbox 307 1197 338 1233; x_wconf 90' lang='lat' dir='ltr'>se</span> <span class='ocrx_word' id='word_1_61' title='bbox 349 1175 471 1243; x_wconf 77' lang='lat' dir='ltr'>civium,</span> <span class='ocrx_word' id='word_1_62' title='bbox 484 1171 666 1233; x_wconf 76' lang='lat' dir='ltr'>&amp;consensui</span> <span class='ocrx_word' id='word_1_63' title='bbox 677 1175 826 1248; x_wconf 88' lang='lat' dir='ltr'>imparem,</span> <span class='ocrx_word' id='word_1_64' title='bbox 838 1194 896 1235; x_wconf 87' lang='lat' dir='ltr'>res·</span> 
     </span>
     <span class='ocr_line' id='line_1_12' title="bbox 212 1254 895 1336; baseline 0.003 -22"><span class='ocrx_word' id='word_1_65' title='bbox 212 1254 330 1336; x_wconf 79' lang='lat' dir='ltr'>pendit,</span> <span class='ocrx_word' id='word_1_66' title='bbox 344 1255 464 1328; x_wconf 89' lang='lat' dir='ltr'>opperiri</span> <span class='ocrx_word' id='word_1_67' title='bbox 480 1257 557 1314; x_wconf 83' lang='lat' dir='ltr'>intra</span> <span class='ocrx_word' id='word_1_68' title='bbox 567 1257 708 1329; x_wconf 83' lang='lat' dir='ltr'>palatium</span> <span class='ocrx_word' id='word_1_69' title='bbox 717 1255 798 1333; x_wconf 85' lang='lat' dir='ltr'>jubet</span> <span class='ocrx_word' id='word_1_70' title='bbox 810 1277 817 1311; x_wconf 91' lang='lat'>:</span> <span class='ocrx_word' id='word_1_71' title='bbox 831 1257 895 1335; x_wconf 87' lang='lat' dir='ltr'>ipse</span> 
     </span>
     <span class='ocr_line' id='line_1_13' title="bbox 212 1337 893 1419; baseline 0.007 -26"><span class='ocrx_word' id='word_1_72' title='bbox 212 1338 319 1396; x_wconf 84' lang='lat' dir='ltr'>curiam</span> <span class='ocrx_word' id='word_1_73' title='bbox 339 1337 517 1419; x_wconf 84' lang='lat' dir='ltr'>ingreditur,</span> <span class='ocrx_word' id='word_1_74' title='bbox 538 1357 679 1396; x_wconf 84' lang='lat' dir='ltr'>summam</span> <span class='ocrx_word' id='word_1_75' title='bbox 700 1357 736 1395; x_wconf 89' lang='lat' dir='ltr'>ue</span> <span class='ocrx_word' id='word_1_76' title='bbox 761 1338 893 1416; x_wconf 85' lang='lat' dir='ltr'>rempub.</span> 
     </span>
     <span class='ocr_line' id='line_1_14' title="bbox 211 1359 896 1499; baseline 0.004 -23"><span class='ocrx_word' id='word_1_77' title='bbox 211 1420 262 1499; x_wconf 79' lang='lat' dir='ltr'>agi</span> <span class='ocrx_word' id='word_1_78' title='bbox 282 1415 444 1488; x_wconf 86' lang='lat' dir='ltr'>obtestans,</span> <span class='ocrx_word' id='word_1_79' title='bbox 466 1420 581 1478; x_wconf 83' lang='lat' dir='ltr'>veniam</span> <span class='ocrx_word' id='word_1_80' title='bbox 600 1359 714 1476; x_wconf 70' lang='lat' dir='ltr'>dicenii</span> <span class='ocrx_word' id='word_1_81' title='bbox 731 1435 797 1476; x_wconf 86' lang='lat' dir='ltr'>ante</span> <span class='ocrx_word' id='word_1_82' title='bbox 817 1418 896 1479; x_wconf 80' lang='lat' dir='ltr'>alios</span> 
     </span>
     <span class='ocr_line' id='line_1_15' title="bbox 213 1498 893 1581; baseline 0.003 -24"><span class='ocrx_word' id='word_1_83' title='bbox 213 1501 356 1580; x_wconf 85' lang='lat' dir='ltr'>exposcit,</span> <span class='ocrx_word' id='word_1_84' title='bbox 380 1499 562 1581; x_wconf 74' lang='lat' dir='ltr'>orditurque,</span> <span class='ocrx_word' id='word_1_85' title='bbox 594 1498 788 1560; x_wconf 82' lang='lat' dir='ltr'>Gravissimas</span> <span class='ocrx_word' id='word_1_86' title='bbox 806 1501 893 1573; x_wconf 87' lang='lat' dir='ltr'>prin-</span> 
     </span>
     <span class='ocr_line' id='line_1_16' title="bbox 212 1580 894 1659; baseline -0.001 -18"><span class='ocrx_word' id='word_1_87' title='bbox 212 1583 284 1657; x_wconf 87' lang='lat' dir='ltr'>cipis</span> <span class='ocrx_word' id='word_1_88' title='bbox 306 1580 436 1653; x_wconf 80' lang='lat' dir='ltr'>labores,</span> <span class='ocrx_word' id='word_1_89' title='bbox 456 1583 518 1659; x_wconf 84' lang='lat' dir='ltr'>quis</span> <span class='ocrx_word' id='word_1_90' title='bbox 538 1581 724 1640; x_wconf 61' lang='lat' dir='ltr'>arbem‘terrae</span> <span class='ocrx_word' id='word_1_91' title='bbox 745 1599 894 1655; x_wconf 83' lang='lat' dir='ltr'>capessat,</span> 
     </span>
    </p>
   </div>
   <div class='ocr_carea' id='block_1_8' title="bbox 212 1662 990 1744">
    <p class='ocr_par' dir='ltr' id='par_1_8' title="bbox 212 1662 990 1744">
     <span class='ocr_line' id='line_1_17' title="bbox 212 1662 990 1744; baseline 0 -21"><span class='ocrx_word' id='word_1_92' title='bbox 212 1685 286 1744; x_wconf 79' lang='lat' dir='ltr'>egene</span> <span class='ocrx_word' id='word_1_93' title='bbox 299 1665 491 1734; x_wconf 82' lang='lat' dir='ltr'>adntiniculis,</span> <span class='ocrx_word' id='word_1_94' title='bbox 503 1681 533 1721; x_wconf 82' lang='lat' dir='ltr'>ut</span> <span class='ocrx_word' id='word_1_95' title='bbox 545 1663 685 1743; x_wconf 74' lang='lat' dir='ltr'>danesiicd</span> <span class='ocrx_word' id='word_1_96' title='bbox 693 1662 759 1720; x_wconf 81' lang='lat' dir='ltr'>euni</span> <span class='ocrx_word' id='word_1_97' title='bbox 766 1683 892 1734; x_wconf 72' lang='lat' dir='ltr'>naeuius,</span> <span class='ocrx_word' id='word_1_98' title='bbox 989 1668 990 1673; x_wconf 74' lang='grc'>’</span> 
     </span>
    </p>
   </div>
   <div class='ocr_carea' id='block_1_9' title="bbox 210 1743 895 2305">
    <p class='ocr_par' dir='ltr' id='par_1_9' title="bbox 210 1743 895 2305">
     <span class='ocr_line' id='line_1_18' title="bbox 210 1743 893 1825; baseline 0.004 -23"><span class='ocrx_word' id='word_1_99' title='bbox 210 1746 244 1804; x_wconf 92' lang='lat' dir='ltr'>in</span> <span class='ocrx_word' id='word_1_100' title='bbox 257 1765 393 1804; x_wconf 86' lang='lat' dir='ltr'>commune</span> <span class='ocrx_word' id='word_1_101' title='bbox 406 1747 531 1804; x_wconf 85' lang='lat' dir='ltr'>consulat</span> <span class='ocrx_word' id='word_1_102' title='bbox 544 1767 555 1802; x_wconf 87' lang='lat'>.·</span> <span class='ocrx_word' id='word_1_103' title='bbox 568 1747 640 1820; x_wconf 83' lang='lat' dir='ltr'>quad</span> <span class='ocrx_word' id='word_1_104' title='bbox 652 1765 736 1818; x_wconf 85' lang='lat' dir='ltr'>porro</span> <span class='ocrx_word' id='word_1_105' title='bbox 754 1743 893 1825; x_wconf 74' lang='lat' dir='ltr'>honestius</span> 
     </span>
     <span class='ocr_line' id='line_1_19' title="bbox 212 1822 895 1902; baseline 0.001 -17"><span class='ocrx_word' id='word_1_106' title='bbox 212 1827 341 1885; x_wconf 82' lang='lat' dir='ltr'>censoria</span> <span class='ocrx_word' id='word_1_107' title='bbox 369 1825 469 1884; x_wconf 87' lang='lat' dir='ltr'>mentis</span> <span class='ocrx_word' id='word_1_108' title='bbox 488 1828 634 1894; x_wconf 79' lang='lat' dir='ltr'>levamen,</span> <span class='ocrx_word' id='word_1_109' title='bbox 652 1822 733 1902; x_wconf 74' lang='lat' dir='ltr'>quim</span> <span class='ocrx_word' id='word_1_110' title='bbox 751 1827 895 1887; x_wconf 77' lang='lat' dir='ltr'>adsunurc</span> 
     </span>
     <span class='ocr_line' id='line_1_20' title="bbox 212 1907 894 1988; baseline 0.001 -22"><span class='ocrx_word' id='word_1_111' title='bbox 212 1909 351 1988; x_wconf 80' lang='lat' dir='ltr'>conjugem</span> <span class='ocrx_word' id='word_1_112' title='bbox 367 1908 509 1981; x_wconf 81' lang='lat' dir='ltr'>prosperis</span> <span class='ocrx_word' id='word_1_113' title='bbox 529 1907 670 1982; x_wconf 79' lang='lat' dir='ltr'>dubiisque</span> <span class='ocrx_word' id='word_1_114' title='bbox 684 1907 789 1965; x_wconf 82' lang='lat' dir='ltr'>sociam</span> <span class='ocrx_word' id='word_1_115' title='bbox 813 1930 824 1964; x_wconf 89' lang='lat'>.·</span> <span class='ocrx_word' id='word_1_116' title='bbox 846 1908 894 1967; x_wconf 86' lang='lat' dir='ltr'>cui</span> 
     </span>
     <span class='ocr_line' id='line_1_21' title="bbox 212 1987 892 2067; baseline 0.003 -22"><span class='ocrx_word' id='word_1_117' title='bbox 212 1989 389 2067; x_wconf 81' lang='lat' dir='ltr'>cogitationes</span> <span class='ocrx_word' id='word_1_118' title='bbox 402 1990 536 2058; x_wconf 83' lang='lat' dir='ltr'>intimas,</span> <span class='ocrx_word' id='word_1_119' title='bbox 550 1989 594 2047; x_wconf 84' lang='lat' dir='ltr'>eui</span> <span class='ocrx_word' id='word_1_120' title='bbox 602 2008 707 2061; x_wconf 86' lang='lat' dir='ltr'>paruos</span> <span class='ocrx_word' id='word_1_121' title='bbox 718 1987 819 2046; x_wconf 81' lang='lat' dir='ltr'>liberos</span> <span class='ocrx_word' id='word_1_122' title='bbox 828 2005 892 2048; x_wconf 84' lang='lat' dir='ltr'>tra-</span> 
     </span>
     <span class='ocr_line' id='line_1_22' title="bbox 212 2069 894 2146; baseline 0.003 -19"><span class='ocrx_word' id='word_1_123' title='bbox 212 2071 262 2127; x_wconf 80' lang='lat' dir='ltr'>dat</span> <span class='ocrx_word' id='word_1_124' title='bbox 271 2113 283 2139; x_wconf 89' lang='lat'>,</span> <span class='ocrx_word' id='word_1_125' title='bbox 307 2091 361 2128; x_wconf 88' lang='lat' dir='ltr'>non</span> <span class='ocrx_word' id='word_1_126' title='bbox 382 2069 462 2128; x_wconf 83' lang='lat' dir='ltr'>luxui</span> <span class='ocrx_word' id='word_1_127' title='bbox 477 2089 526 2128; x_wconf 88' lang='lat' dir='ltr'>aut</span> <span class='ocrx_word' id='word_1_128' title='bbox 545 2069 730 2142; x_wconf 83' lang='lat' dir='ltr'>uoluptatibus</span> <span class='ocrx_word' id='word_1_129' title='bbox 751 2070 894 2146; x_wconf 83' lang='lat' dir='ltr'>adsuefac-</span> 
     </span>
     <span class='ocr_line' id='line_1_23' title="bbox 213 2150 893 2230; baseline 0.004 -22"><span class='ocrx_word' id='word_1_130' title='bbox 213 2168 280 2219; x_wconf 89' lang='lat' dir='ltr'>tus,</span> <span class='ocrx_word' id='word_1_131' title='bbox 297 2154 347 2210; x_wconf 88' lang='lat' dir='ltr'>sed</span> <span class='ocrx_word' id='word_1_132' title='bbox 364 2152 410 2226; x_wconf 85' lang='lat' dir='ltr'>qui</span> <span class='ocrx_word' id='word_1_133' title='bbox 424 2153 517 2226; x_wconf 83' lang='lat' dir='ltr'>prima</span> <span class='ocrx_word' id='word_1_134' title='bbox 533 2150 568 2209; x_wconf 83' lang='lat' dir='ltr'>ab</span> <span class='ocrx_word' id='word_1_135' title='bbox 575 2153 696 2230; x_wconf 76' lang='lat' dir='ltr'>juventa</span> <span class='ocrx_word' id='word_1_136' title='bbox 715 2150 819 2228; x_wconf 76' lang='lat' dir='ltr'>legibus</span> <span class='ocrx_word' id='word_1_137' title='bbox 842 2151 893 2211; x_wconf 76' lang='lat' dir='ltr'>ob·</span> 
     </span>
     <span class='ocr_line' id='line_1_24' title="bbox 212 2247 426 2305; baseline 0 -15"><span class='ocrx_word' id='word_1_138' title='bbox 212 2247 426 2305; x_wconf 72' lang='lat' dir='ltr'>temperavzsset.</span> 
     </span>
    </p>
   </div>
   <div class='ocr_carea' id='block_1_10' title="bbox 198 2310 987 2394">
    <p class='ocr_par' dir='ltr' id='par_1_10' title="bbox 198 2310 987 2394">
     <span class='ocr_line' id='line_1_25' title="bbox 198 2310 987 2394; baseline 0.001 -22"><span class='ocrx_word' id='word_1_139' title='bbox 198 2353 202 2362; x_wconf 85' lang='lat'><em>-</em></span> <span class='ocrx_word' id='word_1_140' title='bbox 253 2311 307 2373; x_wconf 89' lang='lat' dir='ltr'>VI.</span> <span class='ocrx_word' id='word_1_141' title='bbox 329 2310 484 2394; x_wconf 83' lang='lat' dir='ltr'>Postquam</span> <span class='ocrx_word' id='word_1_142' title='bbox 505 2311 564 2373; x_wconf 70' lang='lat' dir='ltr'>hec</span> <span class='ocrx_word' id='word_1_143' title='bbox 588 2311 740 2374; x_wconf 71' lang='lat' dir='ltr'>favorabili</span> <span class='ocrx_word' id='word_1_144' title='bbox 760 2311 894 2373; x_wconf 82' lang='lat' dir='ltr'>oratione</span> <span class='ocrx_word' id='word_1_145' title='bbox 986 2338 987 2341; x_wconf 42' lang='lat'>¹</span> 
     </span>
    </p>
   </div>
   <div class='ocr_carea' id='block_1_11' title="bbox 212 2395 895 2476">
    <p class='ocr_par' dir='ltr' id='par_1_11' title="bbox 212 2395 895 2476">
     <span class='ocr_line' id='line_1_26' title="bbox 212 2395 895 2476; baseline 0.001 -22"><span class='ocrx_word' id='word_1_146' title='bbox 212 2397 363 2475; x_wconf 71' lang='lat' dir='ltr'>premisit,</span> <span class='ocrx_word' id='word_1_147' title='bbox 386 2397 530 2476; x_wconf 79' lang='lat' dir='ltr'>multaque</span> <span class='ocrx_word' id='word_1_148' title='bbox 546 2413 657 2475; x_wconf 87' lang='lat' dir='ltr'>patrum</span> <span class='ocrx_word' id='word_1_149' title='bbox 674 2395 825 2454; x_wconf 85' lang='lat' dir='ltr'>assentatio</span> <span class='ocrx_word' id='word_1_150' title='bbox 847 2416 895 2455; x_wconf 86' lang='lat' dir='ltr'>se·</span> 
     </span>
    </p>
   </div>
   <div class='ocr_carea' id='block_1_12' title="bbox 213 2475 986 2556">
    <p class='ocr_par' dir='ltr' id='par_1_12' title="bbox 213 2475 986 2556">
     <span class='ocr_line' id='line_1_27' title="bbox 213 2475 986 2556; baseline 0.014 -24"><span class='ocrx_word' id='word_1_151' title='bbox 213 2476 352 2555; x_wconf 83' lang='lat' dir='ltr'>quebatur</span> <span class='ocrx_word' id='word_1_152' title='bbox 357 2498 367 2547; x_wconf 83' lang='lat'>3</span> <span class='ocrx_word' id='word_1_153' title='bbox 382 2495 466 2556; x_wconf 88' lang='lat' dir='ltr'>capto</span> <span class='ocrx_word' id='word_1_154' title='bbox 478 2494 567 2537; x_wconf 82' lang='lat' dir='ltr'>rursus</span> <span class='ocrx_word' id='word_1_155' title='bbox 577 2479 677 2547; x_wconf 88' lang='lat' dir='ltr'>initio,</span> <span class='ocrx_word' id='word_1_156' title='bbox 695 2475 816 2556; x_wconf 78' lang='lat' dir='ltr'>Quando</span> <span class='ocrx_word' id='word_1_157' title='bbox 829 2497 893 2534; x_wconf 84' lang='lat' dir='ltr'>ma·</span> <span class='ocrx_word' id='word_1_158' title='bbox 985 2540 986 2543; x_wconf 76' lang='grc'>,</span> 
     </span>
    </p>
   </div>
   <div class='ocr_carea' id='block_1_13' title="bbox 214 2558 894 2888">
    <p class='ocr_par' dir='ltr' id='par_1_13' title="bbox 214 2558 894 2888">
     <span class='ocr_line' id='line_1_28' title="bbox 215 2558 894 2636; baseline 0.003 -22"><span class='ocrx_word' id='word_1_159' title='bbox 215 2558 353 2615; x_wconf 86' lang='lat' dir='ltr'>ritandum</span> <span class='ocrx_word' id='word_1_160' title='bbox 363 2559 513 2633; x_wconf 80' lang='lat' dir='ltr'>principem</span> <span class='ocrx_word' id='word_1_161' title='bbox 530 2561 616 2618; x_wconf 63' lang='lat' dir='ltr'>cundi</span> <span class='ocrx_word' id='word_1_162' title='bbox 626 2561 789 2627; x_wconf 79' lang='lat' dir='ltr'>suaderent,</span> <span class='ocrx_word' id='word_1_163' title='bbox 806 2559 894 2636; x_wconf 73' lang='lat' dir='ltr'>deripi</span> 
     </span>
     <span class='ocr_line' id='line_1_29' title="bbox 214 2639 893 2714; baseline 0 -18"><span class='ocrx_word' id='word_1_164' title='bbox 214 2656 334 2712; x_wconf 83' lang='lat' dir='ltr'>oportere</span> <span class='ocrx_word' id='word_1_165' title='bbox 352 2640 487 2714; x_wconf 79' lang='lat' dir='ltr'>finzinam</span> <span class='ocrx_word' id='word_1_166' title='bbox 518 2639 661 2699; x_wconf 84' lang='lat' dir='ltr'>nobilitate</span> <span class='ocrx_word' id='word_1_167' title='bbox 673 2683 685 2710; x_wconf 86' lang='lat'>,</span> <span class='ocrx_word' id='word_1_168' title='bbox 713 2639 893 2713; x_wconf 78' lang='lat' dir='ltr'>puerperiis,</span> 
     </span>
     <span class='ocr_line' id='line_1_30' title="bbox 214 2719 893 2800; baseline -0.003 -21"><span class='ocrx_word' id='word_1_169' title='bbox 214 2719 396 2779; x_wconf 66' lang='lat' dir='ltr'>saniiimonid</span> <span class='ocrx_word' id='word_1_170' title='bbox 406 2721 548 2800; x_wconf 80' lang='lat' dir='ltr'>insignem.</span> <span class='ocrx_word' id='word_1_171' title='bbox 560 2722 622 2781; x_wconf 88' lang='lat' dir='ltr'>Nee</span> <span class='ocrx_word' id='word_1_172' title='bbox 628 2722 677 2780; x_wconf 88' lang='lat' dir='ltr'>diu</span> <span class='ocrx_word' id='word_1_173' title='bbox 685 2721 893 2797; x_wconf 77' lang='lat' dir='ltr'>anquirendum,</span> 
     </span>
     <span class='ocr_line' id='line_1_31' title="bbox 215 2799 893 2888; baseline 0.004 -29"><span class='ocrx_word' id='word_1_174' title='bbox 215 2803 278 2884; x_wconf 75' lang='lat' dir='ltr'>puin</span> <span class='ocrx_word' id='word_1_175' title='bbox 291 2799 447 2882; x_wconf 76' lang='lat' dir='ltr'>Agrippina</span> <span class='ocrx_word' id='word_1_176' title='bbox 459 2803 619 2867; x_wconf 81' lang='lat' dir='ltr'>claritudine</span> <span class='ocrx_word' id='word_1_177' title='bbox 628 2804 736 2888; x_wconf 74' lang='lat' dir='ltr'>generis</span> <span class='ocrx_word' id='word_1_178' title='bbox 747 2803 868 2864; x_wconf 81' lang='lat' dir='ltr'>anteiret</span> <span class='ocrx_word' id='word_1_179' title='bbox 880 2823 893 2862; x_wconf 86' lang='lat'>.·</span> 
     </span>
    </p>
   </div>
   <div class='ocr_carea' id='block_1_14' title="bbox 0 0 1006 3684">
    <p class='ocr_par' dir='ltr' id='par_1_14' title="bbox 0 0 1006 3684">
     <span class='ocr_line' id='line_1_32' title="bbox 0 0 1006 3684; baseline 0 0"><span class='ocrx_word' id='word_1_180' title='bbox 0 0 1006 3684; x_wconf 95' lang='lat' dir='ltr'> </span> 
     </span>
    </p>
   </div>
  </div>
 </body>
</html>
