2000 3684
181 323 426 398 Arruntium
451 330 536 399 ltu.
561 331 666 400 XIII.
713 334 764 422 ρι’

93 466 231 527 gnumque
244 469 323 507 more
334 451 443 510 militiae
458 453 563 532 petenti
578 451 692 514 tribuno
706 453 760 513 de·

94 527 146 598 dit,
171 548 304 588 OPTIME
331 551 464 592 unctus.
485 533 601 593 Decreti
621 543 649 594 δι
672 556 688 593 a
713 555 759 594 se-

93 630 155 668 natu
186 614 238 670 duo
268 613 395 682 lillorts,
415 616 574 694 flaminium
603 617 763 690 Claudiale,

91 693 169 749 simul
204 695 319 752 Claudio
343 699 493 755 censorium
507 697 598 777 funus
607 743 618 769 ,
643 705 671 758 δε
695 717 764 758 mox

89 793 255 834 comessatio.

129 855 178 914 ΠΙ.
199 856 256 915 Die
274 839 380 916 funeris
399 857 591 918 laudationem
611 863 668 938 ejus
688 861 766 939 prins

94 956 151 1017 ceps
166 959 277 999 exorsus
289 937 337 997 est.
350 939 428 997 Dum
438 941 630 1018 antiquitatem
640 943 766 1019 generis,

94 1021 263 1089 consulatus,
282 1042 316 1077 at
331 1021 484 1096 triumphos
502 1023 635 1102 mrq'onttn
654 1041 767 1080 enume-

93 1100 186 1172 rabat,
206 1103 330 1160 intentus
351 1103 409 1182 ipse
432 1111 460 1163 δι
483 1104 565 1162 ceteri
587 1103 767 1162 :liberalium

94 1201 199 1262 quoque
227 1186 332 1241 artium
356 1186 613 1255 commemoratio,
643 1180 670 1244 ἃ
694 1183 772 1243 nihil

95 1283 190 1341 regente
203 1287 235 1323 eo
243 1265 319 1346 triste
328 1265 429 1338 reipub.
442 1266 475 1324 ab
486 1266 607 1325 externis
614 1267 767 1338 accidisse,

95 1347 181 1424 pronis
193 1347 298 1405 animis
310 1345 406 1405 audita
421 1369 428 1404 z
443 1345 592 1428 postquam
612 1345 648 1404 ad
663 1349 766 1422 provi-

43 1441 46 1446 ’
93 1429 206 1486 dentiam
230 1429 448 1504 sapientiamque
470 1431 563 1500 flexit,
588 1449 674 1486 nemo
702 1427 769 1486 risui

97 1524 257 1588 temperate,
290 1529 465 1590 quamquam
499 1511 591 1568 oratio
620 1531 637 1567 a
663 1507 770 1567 Seneca

99 1592 267 1669 composita,
295 1591 416 1649 multum
444 1587 533 1649 cultius
553 1587 716 1670 praeferret:
740 1606 771 1647 ut

99 1668 149 1729 fuit
160 1674 275 1731 illiuiro
292 1673 440 1751 ingenium
461 1691 624 1740 amomum,
646 1677 672 1728 &
690 1687 768 1727 tem-

40 1815 42 1817 ,
100 1755 168 1832 poris
194 1759 251 1834 ejus
280 1749 679 1813 autibus'accommodatum.
703 1749 770 1812 Ad-

99 1836 230 1896 uotabant
245 1835 386 1906 seniores,
405 1834 507 1916 quibus
527 1834 650 1894 otiosum
669 1831 706 1895 tst
721 1853 772 1892 ve-

101 1933 152 1976 tera
175 1927 201 1976 &
221 1918 367 1998 praesentia
392 1916 559 1975 contendere
572 1963 583 1986 ‚
597 1918 716 1992 primum
737 1937 773 1974 ex

99 1997 150 2068 iis,
160 2002 204 2075 qui
215 2021 307 2058 rerum
314 2000 398 2071 potiti
407 2016 515 2068 essent,
530 1997 667 2056 Neronem
676 1997 774 2056 aliene

95 2079 225 2158 facundie
256 2082 372 2158 eguisse.
410 2080 488 2140 Nam
522 2077 642 2138 dictator
678 2077 774 2136 Cacsar

59 2186 63 2190 ’
100 2165 209 2222 summis
237 2161 397 2220 oratoribus
420 2160 535 2220 aernulus
562 2181 568 2215 :
595 2167 621 2218 bc
646 2156 774 2240 Augusto

101 2261 226 2324 prompta
250 2264 286 2302 ac
310 2244 468 2321 profluens,
486 2261 548 2322 quae
571 2237 679 2296 deceret
698 2241 775 2318 prin-

102 2325 212 2404 cipem,
240 2325 402 2403 eloquentia
430 2321 493 2382 linit.
521 2319 652 2379 Tiberius
687 2339 774 2378 artem

102 2426 210 2489 quoque
234 2405 378 2475 callebat,
404 2405 460 2485 quit
481 2401 568 2464 verba
590 2401 775 2540 exfenderet,

103 2504 159 2546 tum
177 2488 289 2548 validus
307 2487 448 2558 censibus,
471 2503 519 2544 aut
541 2505 624 2542 consu
638 2480 668 2541 tb
687 2483 776 2541 ambi-

101 2589 175 2650 guus.
193 2571 294 2633 Etiam
305 2568 344 2630 C.
362 2567 481 2628 Caesaris
493 2565 604 2626 turbata
621 2585 699 2622 mens
713 2567 776 2624 uim

103 2651 211 2710 dicendi
240 2674 301 2710 non
328 2651 457 2731 corrupit.
481 2649 544 2708 Nec
569 2649 598 2706 in
627 2645 776 2716 Claudio,

104 2732 230 2812 quotiens
255 2731 390 2791 meditata
421 2731 581 2798 dissereret,
605 2725 777 2810 elegantiam

101 2817 257 2900 requireres.
279 2813 358 2876 Nero
384 2811 535 2898 puerilibus
558 2807 651 2873 statim
672 2810 777 2882 annis,
