2000 3684
253 339 323 404 286
375 333 412 402 C.
440 333 593 401 Coun.
623 331 827 399 Tncrrr

250 461 278 514 δι
303 453 453 512 clementer
472 450 550 510 edito
570 451 675 508 montis
702 450 836 511 Abnobae
860 457 930 538 jugo

252 530 374 604 effusus,
402 532 493 614 plures
526 531 645 612 populos
670 529 750 602 adit,
776 531 877 594 donec
900 539 929 596 in

249 613 401 674 Ponticum
428 633 505 672 mare
538 633 584 672 sex
611 611 749 671 meatibus
777 617 928 694 erumpit:

249 697 402 776 septimum
425 695 500 752 enim
521 715 552 752 os
572 693 719 773 paludibus
739 689 873 754 hauritur.

290 777 331 836 ΙΙ.
353 777 431 856 Ipsos
452 775 612 835 Germanos
636 774 782 856 indigenas
801 775 928 836 credide-

248 859 323 929 rim,
345 857 519 937 minimeque
537 856 653 916 aliarum
676 856 804 938 gentium
826 856 929 918 adven-

250 939 326 999 tibus
343 948 371 999 &
391 935 518 1016 hospitiis
537 938 640 995 mixtos
664 937 760 1016 :quia
784 957 836 995 nec
858 937 929 999 terri

249 1020 337 1090 oiim,
354 1018 403 1078 sed
421 1018 553 1078 elassibus
569 1014 778 1078 advehebantur
796 1021 849 1100 qui
868 1041 930 1080 mu·

248 1119 307 1161 tare
323 1100 399 1160 sedes
417 1099 604 1180 quaerebant:
622 1100 819 1159 &immensus
839 1099 928 1174 uitri,

248 1201 335 1262 utque
351 1182 390 1239 sic
406 1177 542 1249 dixerim,
561 1179 690 1239 adversus
709 1179 843 1239 Oceanus
860 1185 928 1244 raris

248 1261 287 1322 ab
299 1263 367 1320 orbe
378 1259 472 1320 nostro
488 1261 607 1320 navibus
620 1261 719 1319 aditur.
731 1260 804 1338 Quis
820 1281 906 1342 porro
916 1309 928 1336 ,

247 1363 344 1423 praeter
364 1342 516 1422 periculum
535 1337 641 1402 horridi
663 1341 802 1423 &ignoti
823 1345 927 1417 maris,
974 1335 977 1344 ’

175 1433 179 1440 ’
247 1423 336 1495 Ani,
355 1443 402 1483 aut
416 1420 532 1492 Africi,
553 1443 602 1483 aut
621 1421 703 1482 lenia
720 1419 839 1494 relieii,
856 1424 927 1485 Ger-

221 1573 224 1579 ,
248 1507 376 1564 maniam
396 1509 520 1584 peteret?
542 1502 696 1563 informem
719 1505 817 1575 tertis,
841 1526 925 1585 aspe-

248 1608 310 1646 ram
327 1587 416 1654 coelo,
436 1583 541 1644 tristem
558 1586 633 1644 cultu
646 1585 856 1668 adspeliuque,
871 1589 926 1647 nisi

246 1671 272 1726 si
283 1671 371 1747 patria
389 1668 432 1726 sit.
449 1666 603 1726 Celebrant
617 1666 787 1726 carminibus
802 1669 926 1748 antiquis

247 1753 261 1820 (
281 1749 359 1828 quod
376 1768 465 1808 unum
484 1747 559 1826 apud
581 1747 644 1807 illos
664 1749 811 1806 memoria
830 1757 857 1807 &
876 1771 925 1810 an-

246 1831 354 1889 nalium
370 1849 456 1911 genus
476 1827 550 1902 est.)
572 1829 732 1888 Tuisconem
745 1831 840 1898 deum,
853 1832 926 1890 terrei

245 1912 366 1980 editum,
380 1907 408 1970 ἃ
416 1912 512 1987 filium
521 1909 677 1988 Mannum,
690 1911 825 1988 originem
832 1913 925 1988 gentis

246 1993 454 2067 conditoresque.
474 1991 585 2049 Manno
596 1993 648 2051 tris
658 1991 739 2068 filios
754 1991 924 2073 adsignant,

247 2095 262 2132 e
277 2094 387 2149 quonem
401 2071 556 2130 nominibus
570 2072 692 2146 proximi
710 2071 819 2130 Oceano
834 2072 921 2149 Ingaess

246 2176 351 2224 eones,
367 2154 450 2213 medii
467 2153 668 2222 Herminones,
685 2155 767 2212 cereri
780 2153 922 2234 illusiones

245 2254 383 2297 vocentur.
400 2233 528 2311 Quidam
545 2254 655 2305 autem,
672 2231 789 2293 licentia
804 2231 923 2294 veturn-

245 2317 298 2386 tis,
314 2319 407 2390 plures
423 2319 472 2375 deo
491 2333 567 2374 ortos
577 2361 589 2385 ‚
602 2317 743 2391 pluresque
758 2317 850 2394 gentis
871 2337 923 2389 ap-

241 2398 424 2472 pellationes,
436 2395 572 2466 Marsos,
587 2395 782 2465 Gambriuios,
793 2394 923 2467 Suevos,

252 2478 408 2536 Vandalios
426 2475 576 2536 adfirmant
587 2483 601 2534 ¹:
617 2499 698 2554 eaque
717 2498 781 2537 vera
800 2473 827 2535 fr
846 2479 924 2534 anti·

244 2580 297 2635 qua
312 2560 432 2617 nomina.
456 2557 575 2618 Ceterirn
590 2557 743 2617 Germania
759 2555 924 2617 vocabalum

243 2662 335 2698 reeens
351 2636 379 2699 b*
394 2660 478 2713 nuper
487 2640 610 2698 additum
621 2663 631 2698 .·
643 2640 770 2716 quoniam
780 2638 826 2714 qui
833 2637 924 2714 primi

243 2719 369 2778 Menam
385 2722 549 2799 transgressi
571 2719 671 2779 Gallos
692 2719 866 2794 expulerint,
889 2739 922 2778 ac

242 2821 314 2861 nune
330 2802 449 2882 Tungri,
459 2820 522 2863 eune
535 2799 668 2864 Germani
680 2802 774 2868 uocari
781 2800 843 2862 sine
853 2822 863 2860 .·
877 2801 922 2862 ica
