2000 3684
176 314 179 319 ⁴
250 316 320 380 166
371 308 410 378 C.
438 308 586 380 Corn.
614 307 806 381 TAcrrr

245 429 322 509 eipui
353 431 458 510 quique
480 429 649 499 Icenorum,
680 429 761 510 quasi
793 427 924 488 einum

244 511 392 591 regionem
415 513 526 572 muneri
547 511 739 590 accepissent,
762 511 847 569 avitis
873 511 923 569 bo-

245 592 290 650 nis
314 611 463 652 exsuuntur
490 615 498 649 r
526 600 554 652 &
582 593 734 692 propinrpui
758 592 834 674 regis
854 589 925 651 inter

245 674 389 753 mancipia
420 671 605 734 habebantur.
635 673 702 750 Qua
728 671 922 748 contumelil,

244 761 274 814 δι
296 774 374 814 metu
394 757 555 838 graviorum
578 759 591 826 (
611 755 727 835 qnando
745 755 776 812 in
799 753 922 814 formam

245 837 397 914 provincie
413 842 572 911 cesserant)
588 838 700 918 ra'piunt
717 855 798 894 arma
808 881 821 906 ,
839 855 922 896 com-

246 918 333 976 motis
359 916 396 977 ad
427 917 640 978 rebellationem
676 915 922 990 Trinobantibus,

246 1005 276 1058 δι
292 999 344 1078 qui
354 999 404 1057 alii
417 999 547 1060 nondum
561 999 673 1058 servitio
686 996 774 1069 frui,
785 1017 922 1057 resumere

246 1078 405 1140 libertatem
433 1079 550 1140 occultis
574 1079 817 1159 conjurationibus
845 1081 922 1159 pepi-

247 1179 377 1242 gerant3
404 1165 541 1220 acerrimo
577 1163 607 1220 in
640 1180 787 1220 veteranos
819 1159 890 1218 odio
915 1184 924 1218 ε

266 1242 350 1320 uippe
366 1243 397 1300 in
413 1243 558 1302 coloniam
576 1241 812 1302 Camalodunum
833 1243 925 1302 reclus

244 1261 360 1386 dedudli
384 1367 393 1394 ,
424 1324 565 1403 pellebant
595 1321 758 1395 domibus,
794 1323 926 1382 exturba·

246 1403 318 1462 bant
345 1405 420 1486 agris
456 1407 608 1480 captivos,
643 1427 740 1466 servos
780 1404 925 1485 appellan-

246 1483 287 1544 do
305 1508 312 1542 ε
330 1483 490 1546 foventibus
509 1487 708 1564 impotentiam
726 1505 923 1546 veteranorum

189 1605 193 1609 .
245 1567 405 1638 militibus,
428 1567 612 1627 similitudine
629 1568 714 1638 vitre,
733 1576 761 1626 &
780 1587 829 1648 spe
848 1573 921 1647 ejus·
996 1635 997 1638 Ἴ

248 1645 315 1708 dem
345 1649 473 1708 licentiae.
500 1648 547 1708 Ad
578 1645 636 1708 haec
665 1649 827 1728 templum,
858 1649 924 1709 divo
996 1687 997 1690 =

248 1729 376 1790 Claudio
405 1728 613 1801 constitumm,
635 1732 715 1811 quasi
738 1751 789 1789 arx
821 1749 925 1790 aeternae

248 1809 453 1870 dominationis
490 1811 694 1892 adspiciebatur
718 1833 728 1882 3
767 1812 871 1872 deledri
891 1831 924 1870 ue

249 1889 422 1962 sacerdotes,
439 1894 530 1971 specie
548 1893 715 1978 religionis,
738 1913 842 1953 omnes
865 1834 922 1952 lbr-

248 1990 331 2032 tunas
349 1968 541 2033 effundebant.
568 1974 630 2033 Nec
657 1971 777 2034 arduum
800 1974 922 2034 videba-

248 2070 313 2123 tur,
342 2053 500 2113 exscindere
528 2056 692 2125 coloniam,
716 2055 802 2114 nullis
825 2058 923 2116 muni-

249 2135 351 2194 mentis
372 2154 480 2214 septam
498 2159 507 2192 :
524 2136 601 2218 quod
618 2137 735 2196 ducibus
755 2131 860 2198 nostris
876 2156 926 2217 pa-
995 2139 996 2214 i

248 2237 311 2276 rum
329 2219 471 2296 provisum
487 2237 563 2289 erat,
577 2217 646 2279 dum
661 2218 822 2278 amoenitati
835 2217 927 2302 priris,
995 2219 996 2267 l

248 2297 347 2380 quim.
357 2301 417 2358 usui
435 2299 596 2361 consulitur.

290 2379 416 2441 XXXII.
434 2381 511 2440 lnter
528 2401 605 2462 quae,
625 2378 702 2440 nulli
713 2381 810 2459 palam
824 2379 907 2442 causi
914 2393 930 2452 ,‘

232 2535 235 2541 1
248 2455 403 2540 delapsum·
412 2460 606 2522 Camaloduni
621 2461 802 2522 simulacrum
814 2463 924 2522 vieto-

250 2541 323 2611 riae,
346 2563 379 2600 ac
402 2560 475 2602 retro
500 2563 681 2614 conversum,
706 2545 787 2624 quasi
815 2543 927 2602 cederet

251 2619 384 2683 hostibus.
399 2624 438 2683 Et
446 2623 577 2696 femina,
589 2627 618 2684 in
631 2624 723 2686 furore
732 2628 868 2696 mrbatae,
879 2628 928 2684 ad-

248 2725 309 2762 cssc
321 2705 437 2763 exitium
451 2706 597 2766 canebant.
611 2705 804 2786 Externosque
818 2703 925 2765 fremi-
994 2707 995 2725 ¹

250 2801 296 2843 tus
315 2785 346 2844 in
365 2788 442 2847 curia
468 2807 567 2848 eorum
586 2787 717 2862 auditos5
744 2789 930 2848 consonuisse
