2000 3684
248 316 318 396 ‘312
384 308 420 376 C.
448 307 586 378 Coun.
621 305 811 378 Tutini

245 419 413 486 &Servilio
431 427 587 509 Caepione,
602 429 662 491 Cn.
676 449 792 510 quoqne
813 429 932 492 Manlio

248 506 316 566 fusis
330 508 377 567 vel
396 510 500 588 captis,
544 511 648 591 uirique
660 511 749 569 simul
768 513 931 572 consulares

247 589 383 648 exercitus
406 591 512 670 populo
523 531 690 661 (liemano,
715 591 831 650 Varum
859 613 929 654 tres-

248 683 303 750 que
321 691 385 729 cum
407 692 442 730 eo
458 671 584 754 legiones
603 674 689 732 etiam
710 671 820 732 Caesari
840 673 930 733 abstu-

242 750 363 811 lerunt:
381 753 564 832 necimpunb
586 751 624 814 C.
644 752 753 812 Marius
773 755 806 813 in
825 753 927 826 Italia,

248 832 330 892 divus
348 833 436 897 Julius
450 837 480 892 in
496 833 615 906 Gallia,
631 833 739 894 Drusus
754 855 787 892 ac
806 833 889 894 Nero
904 845 929 896 δι

246 913 435 974 Germanicus
463 916 494 973 in
521 917 576 974 suis
596 936 643 974 eos
668 913 779 974 sedibus
804 917 929 994 percule-

200 1052 203 1059 .
247 1014 322 1056 tunt.
343 996 417 1056 Mox
434 997 564 1078 ingentes
584 995 622 1056 C.
642 994 774 1055 Caesaris-
788 997 876 1054 mino:
891 999 927 1058 -in

247 1077 401 1137 ludibrium
423 1093 514 1136 versae.
535 1076 604 1136 Inde
626 1078 735 1146 otium,
759 1075 853 1134 donec
874 1099 926 1135 oc·

248 1160 362 1217 casione
390 1157 534 1216 discordiae
555 1155 651 1217 nostre
672 1167 699 1216 &
726 1157 857 1228 ciuilium
879 1180 926 1218 at·

249 1259 382 1308 morum,
409 1240 575 1321 expugnatis
603 1239 750 1322 legionum
777 1235 926 1310 hibernis,

247 1321 334 1378 etiam
354 1319 463 1380 Gallias
482 1316 647 1380 affectavere
665 1343 673 1376 t
692 1341 724 1378 ac
744 1339 836 1379 rursus
855 1321 925 1400 pulsi

247 1400 333 1477 inde,
345 1402 479 1480 proximis
493 1403 666 1480 temporibus
682 1397 851 1482 trIumphati
869 1423 925 1462 ma·

246 1483 293 1565 gis
313 1480 399 1564 quim
416 1484 486 1542 vieti
503 1501 575 1542 sunt.
651 1513 654 1518 ·

245 1592 249 1600 ·
289 1563 460 1624 XXXVIII.
486 1564 572 1624 Nunc
596 1562 630 1624 de
654 1563 751 1638 Suevis
771 1562 924 1626 dicendum

247 1643 308 1716 est,
323 1666 443 1727 quorum
457 1667 515 1705 non
528 1666 600 1715 una,
618 1663 649 1703 ut
661 1645 815 1704 Castorum
831 1646 925 1706 Tene·

248 1745 421 1797 terorumve,
442 1747 510 1809 gens
531 1749 537 1783 ε
554 1731 690 1804 majorem
710 1729 791 1786 enim·
806 1727 925 1790 Germa·

246 1810 301 1867 niae
338 1813 425 1875 arteni
445 1809 594 1879 obtinent,
613 1809 729 1887 propriis
750 1805 844 1868 adhuc
868 1831 922 1869 ne-

248 1829 371 1947 tionibus
382 1889 600 1970 nominibusque
610 1888 736 1958 discreti,
747 1911 923 1972 quamquam

244 1970 277 2028 in
297 1990 448 2028 commune
466 1969 553 2030 Sueui
566 1989 708 2041 vocentur.
727 1970 842 2054 Insigne
858 1993 923 2054 gen·

239 2051 282 2110 tis
311 2051 456 2132 obliquare
481 2052 608 2126 crinem,
633 2051 766 2132 nodoque
787 2051 921 2112 substrin-

269 2152 321 2192 ere.
342 2134 389 2192 Sic
411 2133 495 2193 Suevi
515 2155 536 2192 e
560 2135 658 2192 ceteris
679 2133 832 2194 Germanis
843 2157 854 2204 3
883 2136 923 2194 sic
990 2141 992 2148 '

242 2153 401 2276 §uovorum
421 2217 537 2298 ingenui
557 2239 573 2274 a
590 2215 675 2293 septis
697 2233 865 2295 separantur.
887 2215 922 2276 In

164 2319 167 2326 ·
242 2297 318 2356 ‘aliis‘
329 2297 478 2379 gentibus,
498 2317 545 2356 seu
560 2298 729 2378 cognatione
746 2293 841 2376 aliquit
858 2296 924 2356 Sue·

245 2397 366 2449 vorum,
391 2399 438 2437 seu
459 2378 561 2459 (quod
578 2397 648 2456 saepe
669 2376 794 2450 accidie)
812 2379 920 2436 'imitr-

244 2460 345 2528 tione,
372 2480 463 2518 rarum
493 2469 520 2519 δι
542 2462 614 2518 intra
634 2463 752 2538 juventae
773 2460 920 2537 spatiume

245 2539 321 2620 apud
339 2541 460 2611 Suevos,
480 2561 566 2622 usque
584 2538 620 2598 ad
635 2541 786 2610 caniciem,
803 2536 922 2600 hotten-

245 2641 305 2680 tem
323 2622 455 2701 capillum
475 2641 548 2681 retro
564 2639 732 2701 sequuntur,
750 2642 782 2678 ac
800 2641 870 2700 saepe
888 2621 921 2680 in

246 2705 308 2782 ipso
336 2703 397 2761 solo
423 2705 525 2763 vertice
548 2702 668 2784 religant
695 2725 701 2758 :
726 2703 863 2782 principes
891 2709 921 2760 tt

238 2784 416 2849 ornatiorem
438 2781 545 2847 habent
564 2807 571 2844 t
592 2803 625 2846 ea
647 2804 712 2846 cum
730 2781 848 2852 formae,
872 2779 922 2875 sed

683 2890 689 2894 -
791 2883 925 2926 innoxie.
