2000 3684
258 369 325 414 222
383 345 420 412 C.
450 345 602 414 Coau.
633 348 840 415 TAcrrr

254 465 378 548 positum
394 465 558 526 convivium
571 465 696 527 'aliarum
712 470 807 527 traete
826 471 934 528 navium

254 564 416 607 moveretur
438 569 446 604 t
468 567 642 606 naves-auro
666 555 694 608 &
718 549 809 608 ebore
834 548 935 609 distinc-

255 647 290 688 tae
328 650 336 688 ε
367 629 544 768 ιειιιίἱειιῑιιε
570 629 673 686 exoleti
703 650 754 709 per
788 641 935 692 aetatts&

254 711 403 770 scientiam
421 710 442 769 Ii
463 709 575 768 idinuni
592 711 846 790 componebantur
867 734 935 770 :vo-

257 792 345 852 lucres
363 801 391 852 δι
412 790 483 850 feras
501 790 616 851 diversis
633 813 649 849 e
667 795 768 863 tetris,
788 803 820 853 &
837 795 935 854 anima·

255 873 295 935 lia
317 875 401 934 matis
420 873 540 934 Oceano
555 874 680 955 abusque
700 877 867 954 petiverat:
886 896 935 934 cre-
984 880 985 889 ’

257 955 401 1036 pidinibus
424 952 516 1038 stagni
535 956 680 1036 lupanaria
700 954 878 1027 adstabant,
898 960 935 1016 in-
984 1024 985 1027 Ἴ

258 1035 387 1100 lustribus
425 1035 540 1096 lerninis
573 1037 715 1116 completa
749 1061 758 1094 ε
789 1047 820 1098 &
850 1035 935 1098 contri
984 1040 985 1045 ’

257 1139 349 1179 scorta
371 1118 551 1189 visebantur,
572 1117 655 1178 nudis
673 1119 844 1198 corporibus
861 1145 869 1178 :
886 1127 935 1199 jam

177 1233 179 1236 ·
258 1199 350 1284 gestus
377 1219 470 1260 motus
492 1221 527 1260 ue
548 1201 687 1272 obsceni3
710 1209 763 1270 δι,
794 1201 936 1284 postquam

257 1282 378 1342 renebrae
407 1222 596 1355 incedebant,
626 1301 768 1364 quantum
795 1283 878 1364 juxti
894 1305 936 1343 ne

257 1367 363 1435 moris,
397 1373 425 1424 &
454 1366 634 1445 circumjecia
663 1367 758 1436 tecla,
791 1385 937 1426 consonare

258 1465 362 1518 cantu,
382 1455 409 1506 &
433 1445 589 1508 luminibus
608 1446 766 1506 clarescere.
792 1448 875 1528 Ipse,
898 1467 936 1528 ptr
984 1504 985 1513 ,

258 1530 337 1590 licita
357 1548 441 1610 arque
456 1530 568 1588 inlicita
589 1527 727 1600 foedarus,
746 1527 827 1589 nihil
846 1531 937 1615 flagitii

260 1612 433 1692 reliquerat,
463 1609 522 1692 qud
547 1611 702 1690 corruptior
732 1631 833 1693 ageret
856 1659 866 1684 ‚
893 1612 937 1670 nisi

259 1713 365 1774 paucos
394 1689 455 1774 poll
478 1693 537 1752 dies
558 1694 608 1751 uni
635 1713 669 1751 ex
690 1692 741 1751 illo
763 1695 937 1753 contamina·

259 1793 354 1834 totum
374 1793 475 1857 grege,
499 1775 544 1832 cui
561 1794 669 1832 nomen
689 1774 860 1855 Pythagora
871 1775 936 1848 ¹fuir,

258 1857 289 1916 in
307 1855 426 1914 modum
442 1856 602 1916 solennium
619 1857 822 1939 conjugiorum
835 1859 935 1936 denup-
984 1886 985 1891 ¹

259 1939 348 1997 sisset.
364 1936 490 2006 luditum
507 1939 670 2018 imperatori
684 1940 877 1998 flammeum:
891 1938 938 1997 vui

260 2020 405 2102 auspices,
429 2019 499 2090 dos,
520 2029 547 2080 δι
566 2020 685 2102 genialis
704 2039 802 2092 torus,
824 2031 854 2082 &
872 2019 938 2080 faces

260 2102 399 2180 nuptiales
421 2125 428 2158 ι
452 2105 551 2161 cundia
565 2102 691 2182 denique
707 2106 862 2182 spectata,
884 2121 939 2184 qur

262 2185 349 2242 eriam
367 2185 396 2242 in
423 2182 530 2242 femina
549 2206 606 2243 nox
625 2186 723 2264 operit.
984 2230 985 2239 ,

186 2265 188 2270 ’
270 2305 273 2313 .
303 2265 475 2324 XXXVIII.
500 2266 632 2346 Sequitur
653 2265 765 2336 clades,
791 2264 886 2338 forre,
908 2286 941 2323 an

264 2347 332 2406 dolo
356 2348 486 2426 principis
508 2348 645 2406 incertum
668 2371 676 2403 ι
700 2367 769 2406 nam
797 2366 941 2428 utrumque

264 2432 391 2488 rudiores
402 2427 563 2508 prodidere:
576 2429 623 2490 sed
635 2429 787 2497 omnibus,
804 2451 869 2510 quae
883 2427 941 2486 huic

264 2510 327 2568 urbi
357 2529 403 2588 per
428 2511 595 2570 violentiam
627 2513 740 2570 iniunt
763 2511 943 2579 acciderunt,

265 2593 377 2673 gravior
393 2611 478 2672 atque
491 2593 620 2652 atrocior.
635 2531 753 2651 initiunt
768 2594 802 2652 in
821 2614 856 2652 ea
872 2611 944 2673 parte

264 2673 345 2734 CIrci
355 2692 466 2744 ortum,
479 2695 540 2755 quae
549 2674 680 2734 Palatino
691 2674 845 2755 Caelioque
860 2696 943 2734 mou-

265 2756 339 2814 tibus
358 2757 491 2838 contigua
510 2753 557 2816 est.
577 2757 640 2817 Ubi
655 2776 703 2836 per
719 2756 876 2828 tabernas,
888 2758 945 2838 qui·

265 2833 316 2896 bus
337 2837 367 2897 id
381 2839 597 2900 mercimonium
619 2839 726 2911 inerat,
750 2859 810 2921 quo
829 2841 944 2902 &mua
