<?xml version="1.0" encoding="UTF-8"?>
<!DOCTYPE html PUBLIC "-//W3C//DTD XHTML 1.0 Transitional//EN"
    "http://www.w3.org/TR/xhtml1/DTD/xhtml1-transitional.dtd">
<html xmlns="http://www.w3.org/1999/xhtml" xml:lang="en" lang="en">
 <head>
  <title>
</title>
<meta http-equiv="Content-Type" content="text/html;charset=utf-8" />
  <meta name='ocr-system' content='tesseract 3.04.00' />
  <meta name='ocr-capabilities' content='ocr_page ocr_carea ocr_par ocr_line ocrx_word'/>
</head>
<body>
  <div class='ocr_page' id='page_1' title='image "./ccorneliitaciti01lallgoog_0280.png"; bbox 0 0 2000 3684; ppageno 0'>
   <div class='ocr_carea' id='block_1_1' title="bbox 227 345 786 415">
    <p class='ocr_par' dir='ltr' id='par_1_1' title="bbox 227 345 786 415">
     <span class='ocr_line' id='line_1_1' title="bbox 227 345 786 415; baseline -0.005 0"><span class='ocrx_word' id='word_1_1' title='bbox 227 349 294 415; x_wconf 71' lang='lat'>268</span> <span class='ocrx_word' id='word_1_2' title='bbox 350 345 388 414; x_wconf 88' lang='lat' dir='ltr'>C.</span> <span class='ocrx_word' id='word_1_3' title='bbox 418 347 564 414; x_wconf 78' lang='lat' dir='ltr'>Corn.</span> <span class='ocrx_word' id='word_1_4' title='bbox 597 345 786 414; x_wconf 81' lang='lat' dir='ltr'>TAcrrr</span> 
     </span>
    </p>
   </div>
   <div class='ocr_carea' id='block_1_2' title="bbox 225 461 915 1358">
    <p class='ocr_par' dir='ltr' id='par_1_2' title="bbox 225 461 909 790">
     <span class='ocr_line' id='line_1_2' title="bbox 226 461 907 548; baseline 0.001 -25"><span class='ocrx_word' id='word_1_5' title='bbox 226 478 371 544; x_wconf 70' lang='lat' dir='ltr'>tempta,</span> <span class='ocrx_word' id='word_1_6' title='bbox 398 485 496 544; x_wconf 83' lang='lat' dir='ltr'>pamm</span> <span class='ocrx_word' id='word_1_7' title='bbox 524 465 669 548; x_wconf 82' lang='lat' dir='ltr'>sanguinis</span> <span class='ocrx_word' id='word_1_8' title='bbox 701 461 907 535; x_wconf 83' lang='lat' dir='ltr'>effundebant,</span> 
     </span>
     <span class='ocr_line' id='line_1_3' title="bbox 225 543 908 616; baseline 0.003 -13"><span class='ocrx_word' id='word_1_9' title='bbox 225 543 359 604; x_wconf 74' lang='lat' dir='ltr'>haetenus</span> <span class='ocrx_word' id='word_1_10' title='bbox 383 567 470 604; x_wconf 88' lang='lat' dir='ltr'>manu</span> <span class='ocrx_word' id='word_1_11' title='bbox 495 547 566 604; x_wconf 86' lang='lat' dir='ltr'>servi</span> <span class='ocrx_word' id='word_1_12' title='bbox 591 565 674 616; x_wconf 85' lang='lat' dir='ltr'>usus,</span> <span class='ocrx_word' id='word_1_13' title='bbox 700 563 731 602; x_wconf 90' lang='lat' dir='ltr'>ut</span> <span class='ocrx_word' id='word_1_14' title='bbox 753 547 908 604; x_wconf 86' lang='lat' dir='ltr'>immotum</span> 
     </span>
     <span class='ocr_line' id='line_1_4' title="bbox 225 625 909 707; baseline 0.007 -25"><span class='ocrx_word' id='word_1_15' title='bbox 225 627 381 707; x_wconf 81' lang='lat' dir='ltr'>pugionem</span> <span class='ocrx_word' id='word_1_16' title='bbox 406 626 579 696; x_wconf 85' lang='lat' dir='ltr'>extolleret,</span> <span class='ocrx_word' id='word_1_17' title='bbox 610 625 748 705; x_wconf 80' lang='lat' dir='ltr'>adpressit</span> <span class='ocrx_word' id='word_1_18' title='bbox 780 625 909 687; x_wconf 77' lang='lat' dir='ltr'>dextram</span> 
     </span>
     <span class='ocr_line' id='line_1_5' title="bbox 226 705 629 790; baseline 0.002 -27"><span class='ocrx_word' id='word_1_19' title='bbox 226 709 301 786; x_wconf 79' lang='lat' dir='ltr'>ejus,</span> <span class='ocrx_word' id='word_1_20' title='bbox 327 707 481 790; x_wconf 85' lang='lat' dir='ltr'>juguloque</span> <span class='ocrx_word' id='word_1_21' title='bbox 502 705 629 765; x_wconf 88' lang='lat' dir='ltr'>occurrit.</span> 
     </span>
    </p>

    <p class='ocr_par' dir='ltr' id='par_1_3' title="bbox 225 786 915 1358">
     <span class='ocr_line' id='line_1_6' title="bbox 267 786 910 858; baseline 0.003 -13"><span class='ocrx_word' id='word_1_22' title='bbox 267 786 352 847; x_wconf 85' lang='lat' dir='ltr'><strong>XVI.</strong></span> <span class='ocrx_word' id='word_1_23' title='bbox 371 787 468 847; x_wconf 88' lang='lat' dir='ltr'>Etiam</span> <span class='ocrx_word' id='word_1_24' title='bbox 485 790 509 846; x_wconf 91' lang='lat' dir='ltr'>si</span> <span class='ocrx_word' id='word_1_25' title='bbox 528 787 603 846; x_wconf 88' lang='lat' dir='ltr'>belia</span> <span class='ocrx_word' id='word_1_26' title='bbox 622 805 756 858; x_wconf 77' lang='lat' dir='ltr'>enema,</span> <span class='ocrx_word' id='word_1_27' title='bbox 773 795 804 847; x_wconf 87' lang='lat'>&amp;</span> <span class='ocrx_word' id='word_1_28' title='bbox 819 788 910 848; x_wconf 83' lang='lat' dir='ltr'>obitas</span> 
     </span>
     <span class='ocr_line' id='line_1_7' title="bbox 225 861 912 950; baseline 0.006 -25"><span class='ocrx_word' id='word_1_29' title='bbox 225 861 277 948; x_wconf 81' lang='lat' dir='ltr'>pro</span> <span class='ocrx_word' id='word_1_30' title='bbox 298 869 393 950; x_wconf 89' lang='lat' dir='ltr'>repub.</span> <span class='ocrx_word' id='word_1_31' title='bbox 413 887 517 928; x_wconf 88' lang='lat' dir='ltr'>mortes</span> <span class='ocrx_word' id='word_1_32' title='bbox 539 866 618 926; x_wconf 69' lang='lat' dir='ltr'>tanti</span> <span class='ocrx_word' id='word_1_33' title='bbox 636 887 754 926; x_wconf 86' lang='lat' dir='ltr'>casuum</span> <span class='ocrx_word' id='word_1_34' title='bbox 776 870 912 929; x_wconf 78' lang='lat' dir='ltr'>similim-</span> 
     </span>
     <span class='ocr_line' id='line_1_8' title="bbox 226 948 913 1028; baseline 0.001 -21"><span class='ocrx_word' id='word_1_35' title='bbox 226 948 292 1008; x_wconf 75' lang='lat' dir='ltr'>di&#39;ne</span> <span class='ocrx_word' id='word_1_36' title='bbox 310 969 496 1014; x_wconf 85' lang='lat' dir='ltr'>memorarem</span> <span class='ocrx_word' id='word_1_37' title='bbox 509 995 518 1020; x_wconf 92' lang='lat'>,</span> <span class='ocrx_word' id='word_1_38' title='bbox 530 969 632 1028; x_wconf 89' lang='lat' dir='ltr'>meque</span> <span class='ocrx_word' id='word_1_39' title='bbox 645 951 739 1027; x_wconf 87' lang='lat' dir='ltr'>ipsum</span> <span class='ocrx_word' id='word_1_40' title='bbox 762 952 853 1010; x_wconf 86' lang='lat' dir='ltr'>satias</span> <span class='ocrx_word' id='word_1_41' title='bbox 872 971 913 1008; x_wconf 81' lang='lat' dir='ltr'>ce-</span> 
     </span>
     <span class='ocr_line' id='line_1_9' title="bbox 227 1028 913 1112; baseline 0.006 -25"><span class='ocrx_word' id='word_1_42' title='bbox 227 1031 332 1112; x_wconf 87' lang='lat' dir='ltr'>pisset,</span> <span class='ocrx_word' id='word_1_43' title='bbox 360 1031 537 1110; x_wconf 81' lang='lat' dir='ltr'>aliorumque</span> <span class='ocrx_word' id='word_1_44' title='bbox 561 1028 675 1089; x_wconf 86' lang='lat' dir='ltr'>taedium</span> <span class='ocrx_word' id='word_1_45' title='bbox 696 1034 913 1108; x_wconf 71' lang='lat' dir='ltr'>exspeeiatem,</span> 
     </span>
     <span class='ocr_line' id='line_1_10' title="bbox 227 1109 913 1192; baseline 0.006 -24"><span class='ocrx_word' id='word_1_46' title='bbox 227 1113 358 1192; x_wconf 70' lang='lat' dir='ltr'>quamvis</span> <span class='ocrx_word' id='word_1_47' title='bbox 390 1109 522 1170; x_wconf 89' lang='lat' dir='ltr'>honestos</span> <span class='ocrx_word' id='word_1_48' title='bbox 544 1112 649 1169; x_wconf 85' lang='lat' dir='ltr'>civium</span> <span class='ocrx_word' id='word_1_49' title='bbox 678 1111 795 1178; x_wconf 79' lang='lat' dir='ltr'>exitus,</span> <span class='ocrx_word' id='word_1_50' title='bbox 828 1111 913 1173; x_wconf 75' lang='lat' dir='ltr'>tristes</span> 
     </span>
     <span class='ocr_line' id='line_1_11' title="bbox 227 1190 915 1270; baseline 0.006 -21"><span class='ocrx_word' id='word_1_51' title='bbox 227 1207 324 1251; x_wconf 85' lang='lat' dir='ltr'>tamen</span> <span class='ocrx_word' id='word_1_52' title='bbox 353 1199 380 1250; x_wconf 89' lang='lat'>&amp;</span> <span class='ocrx_word' id='word_1_53' title='bbox 411 1193 560 1250; x_wconf 87' lang='lat' dir='ltr'>continuos</span> <span class='ocrx_word' id='word_1_54' title='bbox 591 1190 828 1270; x_wconf 83' lang='lat' dir='ltr'>adspemantium</span> <span class='ocrx_word' id='word_1_55' title='bbox 856 1217 864 1250; x_wconf 78' lang='grc' dir='ltr'><strong><em>ε</em></strong></span> <span class='ocrx_word' id='word_1_56' title='bbox 888 1213 915 1254; x_wconf 80' lang='lat' dir='ltr'>et</span> 
     </span>
     <span class='ocr_line' id='line_1_12' title="bbox 228 1271 913 1358; baseline 0.003 -27"><span class='ocrx_word' id='word_1_57' title='bbox 228 1275 303 1331; x_wconf 81' lang='lat' dir='ltr'>uu&#39;nc</span> <span class='ocrx_word' id='word_1_58' title='bbox 318 1274 452 1352; x_wconf 85' lang='lat' dir='ltr'>patientia</span> <span class='ocrx_word' id='word_1_59' title='bbox 463 1271 569 1332; x_wconf 89' lang='lat' dir='ltr'>servilis</span> <span class='ocrx_word' id='word_1_60' title='bbox 578 1299 593 1342; x_wconf 88' lang='lat'>,·</span> <span class='ocrx_word' id='word_1_61' title='bbox 603 1289 775 1350; x_wconf 88' lang='lat' dir='ltr'>tantumque</span> <span class='ocrx_word' id='word_1_62' title='bbox 789 1277 913 1358; x_wconf 87' lang='lat' dir='ltr'>sangui·</span> 
     </span>
    </p>
   </div>
   <div class='ocr_carea' id='block_1_3' title="bbox 227 1352 992 1435">
    <p class='ocr_par' dir='ltr' id='par_1_4' title="bbox 227 1352 992 1435">
     <span class='ocr_line' id='line_1_13' title="bbox 227 1352 992 1435; baseline 0.008 -24"><span class='ocrx_word' id='word_1_63' title='bbox 227 1353 272 1411; x_wconf 89' lang='lat' dir='ltr'>nis</span> <span class='ocrx_word' id='word_1_64' title='bbox 289 1352 377 1412; x_wconf 64' lang='lat' dir='ltr'>domi*</span> <span class='ocrx_word' id='word_1_65' title='bbox 390 1354 548 1432; x_wconf 85' lang='lat' dir='ltr'>perditum,</span> <span class='ocrx_word' id='word_1_66' title='bbox 573 1352 695 1435; x_wconf 82' lang='lat' dir='ltr'>fatigant</span> <span class='ocrx_word' id='word_1_67' title='bbox 712 1355 870 1426; x_wconf 86' lang='lat' dir='ltr'>animum,</span> <span class='ocrx_word' id='word_1_68' title='bbox 889 1365 914 1416; x_wconf 64' lang='grc' dir='ltr'><strong><em>α</em></strong></span> <span class='ocrx_word' id='word_1_69' title='bbox 991 1400 992 1403; x_wconf 24' lang='lat'>¹</span> 
     </span>
    </p>
   </div>
   <div class='ocr_carea' id='block_1_4' title="bbox 228 1431 915 2404">
    <p class='ocr_par' dir='ltr' id='par_1_5' title="bbox 228 1431 915 2324">
     <span class='ocr_line' id='line_1_14' title="bbox 230 1431 915 1516; baseline 0.003 -23"><span class='ocrx_word' id='word_1_70' title='bbox 230 1431 363 1493; x_wconf 75' lang='lat' dir='ltr'>mostitiai</span> <span class='ocrx_word' id='word_1_71' title='bbox 381 1433 556 1516; x_wconf 79' lang='lat' dir='ltr'>restringunt.</span> <span class='ocrx_word' id='word_1_72' title='bbox 578 1433 680 1514; x_wconf 84' lang='lat' dir='ltr'>Neque</span> <span class='ocrx_word' id='word_1_73' title='bbox 699 1434 792 1494; x_wconf 88' lang='lat' dir='ltr'>aliam</span> <span class='ocrx_word' id='word_1_74' title='bbox 816 1436 915 1495; x_wconf 82' lang='lat' dir='ltr'>defen-</span> 
     </span>
     <span class='ocr_line' id='line_1_15' title="bbox 229 1502 914 1596; baseline 0.003 -22"><span class='ocrx_word' id='word_1_75' title='bbox 229 1515 341 1574; x_wconf 79' lang='lat' dir='ltr'><strong>sionem</strong></span> <span class='ocrx_word' id='word_1_76' title='bbox 357 1515 393 1574; x_wconf 93' lang='lat' dir='ltr'>ab</span> <span class='ocrx_word' id='word_1_77' title='bbox 407 1502 576 1596; x_wconf 63' lang='lat' dir='ltr'>iisJ*quibus</span> <span class='ocrx_word' id='word_1_78' title='bbox 594 1512 644 1573; x_wconf 87' lang='lat' dir='ltr'>ista</span> <span class='ocrx_word' id='word_1_79' title='bbox 661 1533 840 1585; x_wconf 87' lang='lat' dir='ltr'>noscentur,</span> <span class='ocrx_word' id='word_1_80' title='bbox 852 1539 914 1576; x_wconf 85' lang='lat' dir='ltr'>ere-</span> 
     </span>
     <span class='ocr_line' id='line_1_16' title="bbox 230 1593 913 1681; baseline 0.006 -27"><span class='ocrx_word' id='word_1_81' title='bbox 230 1598 342 1679; x_wconf 83' lang='lat' dir='ltr'>gerim,</span> <span class='ocrx_word' id='word_1_82' title='bbox 363 1593 471 1678; x_wconf 77' lang='lat' dir='ltr'>quim‚</span> <span class='ocrx_word' id='word_1_83' title='bbox 498 1616 534 1654; x_wconf 87' lang='lat' dir='ltr'>ne</span> <span class='ocrx_word' id='word_1_84' title='bbox 560 1594 669 1654; x_wconf 86' lang='lat' dir='ltr'>oderim</span> <span class='ocrx_word' id='word_1_85' title='bbox 697 1614 760 1654; x_wconf 93' lang='lat' dir='ltr'>tam</span> <span class='ocrx_word' id='word_1_86' title='bbox 792 1601 913 1681; x_wconf 78' lang='lat' dir='ltr'>segniter</span> 
     </span>
     <span class='ocr_line' id='line_1_17' title="bbox 230 1676 913 1758; baseline 0.007 -24"><span class='ocrx_word' id='word_1_87' title='bbox 230 1697 384 1758; x_wconf 87' lang='lat' dir='ltr'>pereuntes.</span> <span class='ocrx_word' id='word_1_88' title='bbox 404 1676 449 1736; x_wconf 86' lang='lat' dir='ltr'>ira</span> <span class='ocrx_word' id='word_1_89' title='bbox 468 1678 516 1735; x_wconf 88' lang='lat' dir='ltr'>iila</span> <span class='ocrx_word' id='word_1_90' title='bbox 535 1678 683 1735; x_wconf 88' lang='lat' dir='ltr'>numinum</span> <span class='ocrx_word' id='word_1_91' title='bbox 700 1678 791 1736; x_wconf 87' lang='lat' dir='ltr'>intes</span> <span class='ocrx_word' id='word_1_92' title='bbox 807 1679 913 1739; x_wconf 83' lang='lat' dir='ltr'>Rotna-</span> 
     </span>
     <span class='ocr_line' id='line_1_18' title="bbox 231 1757 913 1837; baseline 0.004 -21"><span class='ocrx_word' id='word_1_93' title='bbox 231 1777 282 1816; x_wconf 87' lang='lat' dir='ltr'>nas</span> <span class='ocrx_word' id='word_1_94' title='bbox 298 1757 370 1829; x_wconf 88' lang='lat' dir='ltr'>fuit,</span> <span class='ocrx_word' id='word_1_95' title='bbox 390 1777 476 1837; x_wconf 87' lang='lat' dir='ltr'>quam</span> <span class='ocrx_word' id='word_1_96' title='bbox 496 1779 570 1828; x_wconf 86' lang='lat' dir='ltr'>non,</span> <span class='ocrx_word' id='word_1_97' title='bbox 588 1777 619 1815; x_wconf 90' lang='lat' dir='ltr'>ut</span> <span class='ocrx_word' id='word_1_98' title='bbox 638 1759 668 1815; x_wconf 89' lang='lat' dir='ltr'>in</span> <span class='ocrx_word' id='word_1_99' title='bbox 687 1757 822 1819; x_wconf 79' lang='lat' dir='ltr'>cladibus</span> <span class='ocrx_word' id='word_1_100' title='bbox 840 1782 913 1819; x_wconf 87' lang='lat' dir='ltr'>eret-</span> 
     </span>
     <span class='ocr_line' id='line_1_19' title="bbox 229 1837 911 1918; baseline 0.009 -23"><span class='ocrx_word' id='word_1_101' title='bbox 229 1841 360 1910; x_wconf 80' lang='lat' dir='ltr'>tituum‚</span> <span class='ocrx_word' id='word_1_102' title='bbox 393 1858 442 1897; x_wconf 90' lang='lat' dir='ltr'>aut</span> <span class='ocrx_word' id='word_1_103' title='bbox 472 1840 633 1918; x_wconf 83' lang='lat' dir='ltr'>captivitate</span> <span class='ocrx_word' id='word_1_104' title='bbox 660 1837 811 1911; x_wconf 61' lang='lat' dir='ltr'>urbium(</span> <span class='ocrx_word' id='word_1_105' title='bbox 831 1842 911 1901; x_wconf 87' lang='lat' dir='ltr'>semei</span> 
     </span>
     <span class='ocr_line' id='line_1_20' title="bbox 228 1915 912 1981; baseline 0.009 -6"><span class='ocrx_word' id='word_1_106' title='bbox 228 1918 341 1978; x_wconf 74' lang='lat' dir='ltr'>‘editam</span> <span class='ocrx_word' id='word_1_107' title='bbox 357 1921 471 1978; x_wconf 88' lang='lat' dir='ltr'>transire</span> <span class='ocrx_word' id='word_1_108' title='bbox 487 1921 562 1980; x_wconf 89' lang='lat' dir='ltr'>licet.</span> <span class='ocrx_word' id='word_1_109' title='bbox 576 1920 667 1979; x_wconf 81' lang='lat' dir='ltr'>Detur</span> <span class='ocrx_word' id='word_1_110' title='bbox 682 1915 740 1976; x_wconf 91' lang='lat' dir='ltr'>hoc</span> <span class='ocrx_word' id='word_1_111' title='bbox 754 1920 912 1981; x_wconf 80' lang='lat' dir='ltr'>inlustrium</span> 
     </span>
     <span class='ocr_line' id='line_1_21' title="bbox 232 1998 910 2080; baseline 0.003 -22"><span class='ocrx_word' id='word_1_112' title='bbox 232 2000 358 2058; x_wconf 82' lang='lat' dir='ltr'>virorum</span> <span class='ocrx_word' id='word_1_113' title='bbox 380 1998 554 2080; x_wconf 87' lang='lat' dir='ltr'>posteritati,</span> <span class='ocrx_word' id='word_1_114' title='bbox 576 2019 626 2071; x_wconf 90' lang='lat' dir='ltr'>ut,</span> <span class='ocrx_word' id='word_1_115' title='bbox 653 2001 807 2080; x_wconf 88' lang='lat' dir='ltr'>quomodo</span> <span class='ocrx_word' id='word_1_116' title='bbox 832 2024 910 2062; x_wconf 84' lang='lat' dir='ltr'>exse-</span> 
     </span>
     <span class='ocr_line' id='line_1_22' title="bbox 234 2081 911 2162; baseline 0.006 -23"><span class='ocrx_word' id='word_1_117' title='bbox 234 2081 309 2162; x_wconf 89' lang='lat' dir='ltr'>quiis</span> <span class='ocrx_word' id='word_1_118' title='bbox 333 2103 350 2140; x_wconf 94' lang='lat' dir='ltr'>a</span> <span class='ocrx_word' id='word_1_119' title='bbox 377 2083 537 2161; x_wconf 89' lang='lat' dir='ltr'>promiscua</span> <span class='ocrx_word' id='word_1_120' title='bbox 563 2081 700 2161; x_wconf 77' lang='lat' dir='ltr'>sepultura</span> <span class='ocrx_word' id='word_1_121' title='bbox 729 2102 911 2162; x_wconf 86' lang='lat' dir='ltr'>separantur,</span> 
     </span>
     <span class='ocr_line' id='line_1_23' title="bbox 232 2163 913 2246; baseline 0.006 -26"><span class='ocrx_word' id='word_1_122' title='bbox 232 2163 295 2232; x_wconf 88' lang='lat' dir='ltr'>ita,</span> <span class='ocrx_word' id='word_1_123' title='bbox 317 2164 346 2223; x_wconf 91' lang='lat' dir='ltr'>in</span> <span class='ocrx_word' id='word_1_124' title='bbox 368 2164 518 2222; x_wconf 87' lang='lat' dir='ltr'>traditione</span> <span class='ocrx_word' id='word_1_125' title='bbox 537 2182 751 2241; x_wconf 86' lang='lat' dir='ltr'>supremorum,</span> <span class='ocrx_word' id='word_1_126' title='bbox 774 2167 913 2246; x_wconf 83' lang='lat' dir='ltr'>accipiant</span> 
     </span>
     <span class='ocr_line' id='line_1_24' title="bbox 233 2241 755 2324; baseline 0.002 -23"><span class='ocrx_word' id='word_1_127' title='bbox 233 2241 413 2324; x_wconf 77' lang='lat' dir='ltr'>habeantque</span> <span class='ocrx_word' id='word_1_128' title='bbox 424 2246 564 2324; x_wconf 85' lang='lat' dir='ltr'>propriam</span> <span class='ocrx_word' id='word_1_129' title='bbox 577 2244 755 2302; x_wconf 89' lang='lat' dir='ltr'>memoriam.</span> 
     </span>
    </p>

    <p class='ocr_par' dir='ltr' id='par_1_6' title="bbox 274 2323 909 2404">
     <span class='ocr_line' id='line_1_25' title="bbox 274 2323 909 2404; baseline 0.002 -21"><span class='ocrx_word' id='word_1_130' title='bbox 274 2323 373 2384; x_wconf 90' lang='lat' dir='ltr'>XVII.</span> <span class='ocrx_word' id='word_1_131' title='bbox 398 2323 506 2384; x_wconf 88' lang='lat' dir='ltr'>Paucos</span> <span class='ocrx_word' id='word_1_132' title='bbox 530 2327 632 2404; x_wconf 91' lang='lat' dir='ltr'>quippe</span> <span class='ocrx_word' id='word_1_133' title='bbox 657 2324 729 2382; x_wconf 86' lang='lat' dir='ltr'>intra</span> <span class='ocrx_word' id='word_1_134' title='bbox 753 2323 838 2395; x_wconf 85' lang='lat' dir='ltr'>dies,</span> <span class='ocrx_word' id='word_1_135' title='bbox 860 2345 909 2384; x_wconf 84' lang='lat' dir='ltr'>to-</span> 
     </span>
    </p>
   </div>
   <div class='ocr_carea' id='block_1_5' title="bbox 144 2404 910 2488">
    <p class='ocr_par' dir='ltr' id='par_1_7' title="bbox 144 2404 910 2488">
     <span class='ocr_line' id='line_1_26' title="bbox 144 2404 910 2488; baseline 0.004 -25"><span class='ocrx_word' id='word_1_136' title='bbox 144 2431 146 2436; x_wconf 95' lang='lat'>·</span> <span class='ocrx_word' id='word_1_137' title='bbox 235 2405 302 2464; x_wconf 89' lang='lat' dir='ltr'>dem</span> <span class='ocrx_word' id='word_1_138' title='bbox 334 2408 448 2488; x_wconf 85' lang='lat' dir='ltr'>agmine</span> <span class='ocrx_word' id='word_1_139' title='bbox 483 2407 606 2466; x_wconf 75' lang='lat' dir='ltr'>Annaeus</span> <span class='ocrx_word' id='word_1_140' title='bbox 634 2404 757 2478; x_wconf 86' lang='lat' dir='ltr'>Mella,</span> <span class='ocrx_word' id='word_1_141' title='bbox 791 2405 910 2466; x_wconf 80' lang='lat' dir='ltr'>Cerialis</span> 
     </span>
    </p>
   </div>
   <div class='ocr_carea' id='block_1_6' title="bbox 231 2484 909 2564">
    <p class='ocr_par' dir='ltr' id='par_1_8' title="bbox 231 2484 909 2564">
     <span class='ocr_line' id='line_1_27' title="bbox 231 2484 909 2564; baseline -0.004 -16"><span class='ocrx_word' id='word_1_142' title='bbox 231 2487 376 2558; x_wconf 74' lang='lat' dir='ltr'>¹Anicius,</span> <span class='ocrx_word' id='word_1_143' title='bbox 400 2484 497 2545; x_wconf 87' lang='lat' dir='ltr'>Rufius</span> <span class='ocrx_word' id='word_1_144' title='bbox 521 2485 687 2564; x_wconf 80' lang='lat' dir='ltr'>Crispinus,</span> <span class='ocrx_word' id='word_1_145' title='bbox 707 2505 742 2544; x_wconf 84' lang='lat' dir='ltr'>ac</span> <span class='ocrx_word' id='word_1_146' title='bbox 763 2485 909 2546; x_wconf 77' lang='lat' dir='ltr'>Petronius</span> 
     </span>
    </p>
   </div>
   <div class='ocr_carea' id='block_1_7' title="bbox 233 2560 989 2658">
    <p class='ocr_par' dir='ltr' id='par_1_9' title="bbox 233 2560 989 2658">
     <span class='ocr_line' id='line_1_28' title="bbox 233 2560 989 2658; baseline 0.001 -33"><span class='ocrx_word' id='word_1_147' title='bbox 233 2566 368 2628; x_wconf 86' lang='lat' dir='ltr'>cecidere.</span> <span class='ocrx_word' id='word_1_148' title='bbox 404 2567 493 2626; x_wconf 84' lang='lat' dir='ltr'>Melia</span> <span class='ocrx_word' id='word_1_149' title='bbox 533 2575 560 2626; x_wconf 87' lang='lat'>&amp;</span> <span class='ocrx_word' id='word_1_150' title='bbox 596 2565 769 2658; x_wconf 80' lang='lat' dir='ltr'>Crispinus,</span> <span class='ocrx_word' id='word_1_151' title='bbox 807 2569 910 2647; x_wconf 84' lang='lat' dir='ltr'>equites</span> <span class='ocrx_word' id='word_1_152' title='bbox 988 2560 989 2581; x_wconf 59' lang='lat'>¹</span> 
     </span>
    </p>
   </div>
   <div class='ocr_carea' id='block_1_8' title="bbox 232 2644 911 2896">
    <p class='ocr_par' dir='ltr' id='par_1_10' title="bbox 232 2644 911 2896">
     <span class='ocr_line' id='line_1_29' title="bbox 232 2644 909 2730; baseline -0.003 -22"><span class='ocrx_word' id='word_1_153' title='bbox 232 2649 386 2719; x_wconf 76' lang='lat' dir='ltr'>Romani,</span> <span class='ocrx_word' id='word_1_154' title='bbox 412 2647 549 2730; x_wconf 84' lang='lat' dir='ltr'>dignitate</span> <span class='ocrx_word' id='word_1_155' title='bbox 573 2644 712 2706; x_wconf 66' lang='lat' dir='ltr'>senatorii</span> <span class='ocrx_word' id='word_1_156' title='bbox 739 2670 746 2703; x_wconf 90' lang='lat'><strong>:</strong></span> <span class='ocrx_word' id='word_1_157' title='bbox 771 2668 841 2706; x_wconf 91' lang='lat' dir='ltr'>nam</span> <span class='ocrx_word' id='word_1_158' title='bbox 867 2645 909 2706; x_wconf 83' lang='lat' dir='ltr'>hic</span> 
     </span>
     <span class='ocr_line' id='line_1_30' title="bbox 234 2727 908 2808; baseline 0 -22"><span class='ocrx_word' id='word_1_159' title='bbox 234 2729 382 2808; x_wconf 76' lang='lat' dir='ltr'>quondam</span> <span class='ocrx_word' id='word_1_160' title='bbox 415 2727 558 2806; x_wconf 65' lang='lat' dir='ltr'>praefeeius</span> <span class='ocrx_word' id='word_1_161' title='bbox 588 2727 726 2806; x_wconf 79' lang='lat' dir='ltr'>praetorii,</span> <span class='ocrx_word' id='word_1_162' title='bbox 751 2735 781 2786; x_wconf 86' lang='lat'>&amp;</span> <span class='ocrx_word' id='word_1_163' title='bbox 805 2749 908 2786; x_wconf 80' lang='lat' dir='ltr'>consu·</span> 
     </span>
     <span class='ocr_line' id='line_1_31' title="bbox 233 2807 911 2896; baseline -0.003 -26"><span class='ocrx_word' id='word_1_164' title='bbox 233 2809 339 2871; x_wconf 77' lang='lat' dir='ltr'>laribus</span> <span class='ocrx_word' id='word_1_165' title='bbox 363 2809 521 2896; x_wconf 86' lang='lat' dir='ltr'>insignibus</span> <span class='ocrx_word' id='word_1_166' title='bbox 542 2807 680 2882; x_wconf 62' lang='lat' dir='ltr'>donans,</span> <span class='ocrx_word' id='word_1_167' title='bbox 699 2827 734 2868; x_wconf 86' lang='lat' dir='ltr'>ac</span> <span class='ocrx_word' id='word_1_168' title='bbox 753 2827 844 2891; x_wconf 85' lang='lat' dir='ltr'>nuper</span> <span class='ocrx_word' id='word_1_169' title='bbox 862 2809 911 2878; x_wconf 75' lang='lat' dir='ltr'>cti·¹</span> 
     </span>
    </p>
   </div>
   <div class='ocr_carea' id='block_1_9' title="bbox 0 0 1015 3684">
    <p class='ocr_par' dir='ltr' id='par_1_11' title="bbox 0 0 1015 3684">
     <span class='ocr_line' id='line_1_32' title="bbox 0 0 1015 3684; baseline 0 0"><span class='ocrx_word' id='word_1_170' title='bbox 0 0 1015 3684; x_wconf 95' lang='lat' dir='ltr'> </span> 
     </span>
    </p>
   </div>
  </div>
 </body>
</html>
