2000 3684
183 291 434 364 AuuArzusr
457 293 543 362 Lis.
566 292 652 364 XII.
711 309 759 383 77

79 413 234 480 adornatur
239 435 251 486 3
270 433 301 475 ut
317 413 463 496 quondam
479 410 640 496 Augustus,
656 410 760 474 lmruo

79 499 119 556 cis
142 495 273 554 Tiberim
296 493 414 579 stagno,
433 496 480 575 sed
498 494 606 555 levibus
622 497 759 577 navigiis,

77 577 106 638 &
129 580 239 636 minore
259 575 341 657 cupid
362 575 493 636 ediderat.
519 575 659 636 Claudius
679 579 760 636 trire-

77 679 140 718 mes
162 657 431 739 quadriremesque,
454 667 481 720 ὅι
503 657 681 739 undeviginti
697 653 757 718 bo·

79 741 194 800 minum
211 738 302 798 millia
318 740 455 810 armavi13
468 741 562 798 cirtulo
573 739 679 799 ratibus
689 760 757 799 am·

79 819 163 891 bitu,
185 841 221 878 ne
240 841 314 902 vaga
336 817 442 904 effugia
463 819 556 880 forent
580 841 641 878 tac
662 839 759 882 tamen

78 903 204 982 spatium
223 901 387 982 amplexus,
409 900 445 960 ad
465 902 527 960 vim
543 902 677 982 remigii,
703 922 759 984 gu·

79 982 261 1042 bertrandum
297 1002 389 1053 artes,
422 983 542 1061 impetus
568 983 708 1052 navium,
731 992 760 1044 δι

99 1065 181 1123 roelio
206 1064 297 1122 solita.
319 1063 354 1125 ln
374 1063 478 1122 ratibus
499 1064 689 1142 praetoriarum
709 1084 760 1124 co·

78 1083 208 1204 lortium
235 1143 374 1223 manipuli
397 1163 550 1225 turmaeque
572 1137 780 1218 adstiterat(

79 1227 245 1306 antepositis
268 1227 510 1309 propugnaculis,
532 1246 566 1285 ex
597 1227 660 1307 quis
685 1246 760 1287 eata·

79 1307 164 1389 pulrae
179 1304 349 1388 ballistaeque
370 1307 554 1367 tenderentur.
573 1305 695 1389 Reliqua
714 1308 759 1370 la-

82 1387 129 1448 ctis
161 1389 293 1448 classiarii
321 1389 400 1448 testis
428 1388 546 1450 navibus
579 1388 757 1452 obtinebant.

80 1469 170 1550 Ripas
192 1479 219 1530 &
239 1469 343 1538 colles,
357 1491 389 1530 ac
402 1472 544 1530 montium
559 1468 635 1530 edita
648 1471 680 1530 in
697 1491 761 1530 mo·

82 1551 150 1612 dum
175 1548 302 1621 theatri,
329 1551 478 1612 multitudo
510 1553 656 1610 innmnera
683 1571 760 1610 com-

81 1633 190 1714 plevit,
208 1633 342 1712 proximis
360 1633 566 1710 municipiis,
585 1639 613 1692 &
630 1631 680 1690 alii
692 1633 764 1698 urbe,

80 1735 115 1772 ex
143 1716 222 1793 ipsa,
244 1713 352 1772 visendi
374 1713 524 1792 cupidine,
542 1731 590 1771 aut
612 1711 708 1772 officio
728 1715 761 1776 iu

81 1796 248 1876 principem.
266 1793 327 1874 lpse
347 1796 452 1877 insigni
474 1792 691 1874 paludamento,
713 1817 761 1856 ne·

81 1899 136 1958 que
162 1875 261 1955 procul
285 1871 448 1958 Agrippina
472 1873 621 1955 chlamyde
645 1875 760 1950 auratis,

80 1957 239 2038 praesedere.
274 1956 461 2038 Pugnatum,
487 1977 661 2038 quamquam
689 1959 761 2018 inter

80 2058 196 2110 sontes,
219 2036 335 2098 fortium
354 2039 479 2100 virorum
496 2039 595 2096 animo
619 2059 677 2098 :ac
697 2037 761 2118 post

81 2119 206 2180 multum
240 2119 418 2192 vulnerum,
458 2118 605 2178 occidioni
636 2123 762 2201 exempti

81 2219 154 2262 sunt.

121 2279 218 2342 LVII.
247 2275 302 2342 Sed
329 2279 452 2361 perfodio
473 2278 657 2360 spestatulo,
678 2299 759 2356 aper-

80 2381 144 2424 tum
160 2383 298 2446 aquatum
314 2364 374 2424 iter.
385 2361 496 2425 Incutia
510 2361 602 2443 operis
610 2359 760 2424 manifesta

82 2443 153 2516 fuit,
171 2441 249 2504 haud
267 2445 332 2504 satis
350 2443 483 2523 depressi,
498 2441 534 2502 ad
544 2440 621 2504 latiis
637 2445 696 2504 ima
712 2444 759 2506 vel

81 2526 186 2587 media.
205 2522 326 2605 Edque,
346 2545 471 2605 tempore
491 2527 656 2604 interjedlo,
676 2525 761 2586 altitio

79 2605 176 2668 effossi
195 2627 308 2688 specus,
324 2615 352 2666 ὅ(
371 2603 567 2668 contrahendae
581 2626 671 2666 rursus
687 2606 768 2666 mul-‘

82 2689 219 2760 titudini,
238 2685 428 2771 gladiatorum
446 2687 634 2766 spellaculum
648 2685 760 2760 editur,

78 2771 176 2834 inditis
205 2768 341 2854 pontibus
368 2765 522 2852 pedestrem
551 2767 602 2917 ap]
620 2789 758 2862 pugnam.

479 2923 482 2928 .
619 2869 650 2932 ¹¹1
