2000 3684
256 337 653 410 Aoazcozn.
720 362 782 431 35¹

112 460 314 521 diversissimis
321 458 629 537 gentibns‚utsecunda
636 483 678 520 res
685 479 788 532 tenent,

112 543 158 600 ita
175 544 295 601 adversa
310 541 465 600 dissolvent
484 542 564 600 :nisi
580 540 609 600 si
624 541 744 611 Gallos,
760 540 789 602 ft

116 623 291 692 Germanos,
309 618 336 682 ἃ
355 622 465 696 (pudet
476 621 548 682 diua
560 625 578 698 )
591 623 789 682 Britannorum

106 706 271 780 plerosque,
296 704 480 762 dominationi
504 703 600 764 aliena
629 704 790 782 sanguinem

111 789 334 854 commodantes,
361 786 463 844 diutius
487 802 577 844 tamen
597 784 681 866 hofles
708 784 789 862 quam

111 889 209 927 servos
219 912 230 936 ,
240 868 299 945 fide
315 863 450 943 &affetlu
462 865 550 926 teneri
558 867 666 940 putatis
680 889 691 924 .·
703 884 789 926 metus

115 944 145 1006 ἃ
155 967 242 1007 terror
253 949 303 1029 est,
317 948 428 1027 infirma
443 948 556 1008 vincula
570 949 695 1006 caritatis
709 970 719 1004 :
733 968 790 1023 qua

112 1029 163 1086 ubi
179 1031 345 1098 removeris,
359 1030 404 1105 qui
420 1029 513 1086 timere
529 1029 678 1098 desierint,
698 1029 789 1088 odisse

112 1110 256 1183 incipient.
285 1109 389 1168 Omnia
405 1111 527 1170 viltoria
546 1109 724 1168 incitamenta
736 1130 791 1183 pm

110 1191 193 1249 nobis
205 1209 270 1250 sant
284 1192 387 1251 :nulla
400 1189 540 1250 Romanos
553 1192 678 1272 conjuges
694 1212 788 1250 accen·

110 1275 182 1330 dunt
206 1297 217 1330 .·
241 1274 313 1332 nulli
332 1291 461 1346 parentes
476 1273 578 1351 fugam
602 1271 792 1347 enprobraturi

111 1372 179 1414 sunt
202 1377 213 1411 .·
238 1372 287 1412 aut
305 1355 382 1412 nulla
395 1355 531 1429 plerisque
546 1356 642 1427 patria
661 1373 708 1412 aut
729 1355 792 1412 alia

98 1429 150 1516 est
174 1459 184 1492 .·
202 1456 303 1509 paucos
322 1456 430 1494 numero
450 1434 549 1494 circum
567 1438 686 1509 trepidos
710 1435 790 1512 igno-

114 1517 228 1586 rantid‚
247 1518 341 1575 calum
366 1517 455 1590 ipsum
477 1538 510 1574 aa
532 1538 605 1574 mare
629 1513 656 1575 ἃ
676 1516 789 1585 silvas,

101 1598 209 1675 „ignota
220 1600 312 1656 omnia
325 1597 592 1670 circmtspettames,
606 1598 714 1656 clausos
723 1617 788 1673 quo-

111 1682 255 1737 dammodo
271 1701 303 1736 ac
317 1679 425 1738 vindos
444 1678 488 1736 dii
507 1677 584 1736 nobis
608 1679 788 1736 tradiderunt.

112 1759 161 1819 Ne
178 1778 277 1818 terreat
294 1781 384 1820 vanus
400 1761 559 1834 adspeiiw
580 1755 607 1818 a
625 1759 687 1818 auri
694 1758 794 1837 fitlgar

109 1859 193 1917 atque
206 1843 327 1919 argenti,
340 1843 411 1917 quod
425 1863 507 1917 neque
526 1840 609 1917 tegit,
629 1861 710 1917 neque
724 1841 791 1899 vul·

46 1925 49 1929 ’
112 1941 202 1982 nerat.
217 1923 252 1980 In
266 1923 328 1995 ipsa
342 1922 455 2004 hostium
467 1923 525 1980 atie
537 1923 707 1982 inveniemus
722 1943 790 1980 nos·

114 2022 174 2062 tras
193 2025 289 2062 manus
304 2029 316 2062 .·
329 2021 475 2082 agnoscent
486 2003 624 2062 Britanni
635 2025 713 2062 suam
724 2024 791 2061 cau-

109 2107 175 2144 ·sam
190 2108 200 2141 .·
218 2084 424 2144 recordabuntur
443 2084 526 2142 Galli
538 2085 658 2158 priorem
678 2083 790 2144 liherta-

111 2183 167 2225 tem
175 2168 314 2225 :deserent
322 2166 388 2224 illos
397 2165 479 2223 ceteri
490 2163 625 2222 Germani
630 2209 640 2232 ,
652 2182 791 2241 tamquam

110 2269 198 2321 nuper
213 2246 311 2319 Usipii
326 2247 498 2321 reliquerunt.
514 2244 575 2302 Nec
586 2247 729 2321 quidquam
744 2248 789 2303 ul·

110 2327 157 2385 tra
169 2327 335 2404 fimnidinis
357 2350 367 2383 .·
385 2348 473 2386 uacua
490 2325 620 2406 castella,
638 2348 732 2384 senum
745 2349 789 2385 co·

109 2411 211 2478 donia,
229 2409 304 2466 inter
320 2407 390 2466 mali
402 2425 531 2482 parentes
553 2403 688 2487 &injusti
706 2409 789 2482 impe·

112 2509 227 2559 rantes,
255 2511 324 2568 agra
346 2490 494 2563 municipia
520 2485 547 2548 ἃ
568 2490 753 2548 discordantia
777 2514 789 2548 .-

110 2571 157 2630 hic
173 2575 250 2641 dax,
268 2569 314 2630 luc
329 2571 462 2630 exercitas
483 2595 493 2629 .·
514 2569 555 2630 ibi
569 2570 672 2630 tributa
689 2566 716 2628 ὁ·
732 2591 789 2629 me-

110 2653 198 2723 talla,
213 2649 241 2712 it
260 2671 350 2712 cetera
363 2654 544 2712 servientium
553 2657 663 2725 poena':
680 2649 788 2726 quasin

111 2734 390 2810 ‹uternam-profitme,
405 2735 553 2811 autstatim
563 2732 659 2792 ulcisci
666 2778 677 2801 ,
692 2731 792 2810 inlhoc

110 2838 205 2888 campo
214 2817 257 2895 ests
271 2815 390 2876 Proinde
401 2816 468 2872 itari
478 2815 510 2872 in
520 2816 622 2884 aciem,
636 2809 791 2894 &majores

111 2898 211 2975 vestros
219 2942 231 2970 ,
255 2893 281 2955 ἃ
297 2897 415 2976 posteros
433 2895 559 2975 cogitate.
