2000 3684
221 314 286 422 15}
346 319 384 388 C.
414 321 556 391 Corin,
588 325 784 391 TAcrrr
991 418 995 427 Ι

217 439 329 500 sedibus
341 441 436 519 patriis
448 439 589 510 reddidit,
605 441 642 500 ab
659 442 826 535 Agrippina
839 442 909 504 olim

213 523 320 602 pulsos.
339 521 436 582 Etiam
455 523 555 584 Lolliae
574 523 711 582 Paullinae
729 543 843 582 cineres
862 545 909 583 re·
997 547 998 559 ¹

216 604 323 684 portati
343 603 595 684 „sepulcrumque
621 601 723 662 exstrui
747 606 910 684 permisit:

219 703 346 762 quosque
363 683 422 763 ipse
442 705 531 764 nuper
546 685 740 768 relegaverat,
762 685 912 756 Iturium,

218 773 247 823 &
266 764 444 836 Calvisium,
462 763 547 845 poenit
564 767 692 826 exsolvit.
712 765 797 824 Nam
811 767 911 828 Silana

220 843 282 904 faro
300 844 396 906 funda
413 865 487 917 erat,
499 847 661 928 longinquo
674 847 711 905 ab
724 849 831 906 exsilio
845 847 909 923 Ta·1

222 947 334 987 rentum
351 949 494 1010 regressa,
510 928 624 989 labante
641 933 701 1006 jam
725 927 910 1010 Agrippind,
945 933 947 940 ’

222 1012 300 1087 cujus
319 1009 476 1068 inimicitiis
497 1007 683 1077 conciderat,
702 1011 749 1068 vel
768 1028 836 1070 tum
856 1012 910 1070 mi·

221 1087 319 1171 rigari.

263 1167 520 1231 >intentanti
541 1173 571 1232 in
590 1169 701 1252 oppidis
717 1169 909 1252 Campania,

221 1273 338 1328 quonam
356 1253 435 1310 modo
453 1251 544 1312 urbem
558 1255 764 1330 ingrederetur5
782 1277 821 1312 an
836 1254 910 1326 obser

221 1334 314 1410 quium
332 1330 462 1402 senariis,
480 1356 519 1392 an
534 1333 627 1414 studia
643 1333 734 1408 plebis
755 1337 908 1408 reperiret,

223 1414 330 1484 anxio,
356 1409 454 1477 contra
473 1414 645 1474 deterrimus·
659 1415 800 1496 quisque,
831 1437 909 1496 quo·

223 1515 287 1562 runt
313 1517 372 1556 non
401 1495 457 1554 alia
492 1496 571 1580 regia
601 1493 749 1556 fecundior
781 1494 909 1569 exstitit,

225 1579 349 1638 invisum
366 1575 527 1656 Agrippino
548 1599 666 1646 nomen,
693 1574 719 1636 ὃ*
742 1596 831 1638 morte
853 1580 910 1660 ejus

225 1656 366 1717 accentum
390 1658 488 1733 populi
503 1657 633 1735 fizvorem
663 1655 801 1718 disserunt
824 1683 837 1716 :
860 1661 912 1718 iret

226 1741 377 1812 intrepidus
388 1785 400 1809 ‚
421 1736 448 1800 δ’
462 1739 664 1800 venerationem
679 1741 725 1800 sui
744 1737 839 1797 cordm
861 1763 910 1800 ex·

220 1821 358 1902 feriretur
384 1820 502 1878 :simul
528 1822 662 1900 progredi
686 1839 863 1900 exposcunt,
884 1830 912 1882 δι

227 1902 430 1979 promptiora,
460 1897 547 1980 quim
581 1902 790 1979 promiserant,
827 1903 912 1972 inve,-

227 1982 311 2039 niunt
329 2003 335 2037 ε
349 1979 448 2040 obvias
459 1981 565 2052 tribus,
578 1979 649 2040 festo
662 1981 738 2040 cultu
751 2000 884 2042 senatum
903 2006 910 2039 ι

227 2065 385 2144 conjugum
406 2083 438 2120 ac
458 2061 610 2125 liberorum
629 2063 765 2145 agmina,
787 2083 837 2142 per
861 2085 909 2123 se-

226 2162 299 2201 xum
314 2152 342 2204 &
353 2161 464 2202 aetatem
482 2142 617 2222 disposita
638 2167 646 2200 ι
665 2141 837 2213 exstrudios,
854 2143 912 2226 qud

228 2223 396 2295 incederet,
423 2224 643 2305 spestaculorurn
679 2224 814 2304 gradus,
850 2245 911 2307 quo

229 2306 320 2366 modo
343 2303 478 2386 triumphi
497 2304 632 2366 visuntur.
655 2303 733 2366 Hinc
754 2306 910 2386 superbus,

231 2409 266 2447 ac
277 2388 384 2468 publici
396 2388 615 2458 servitiivistor,
629 2385 810 2467 Capitolium
820 2387 911 2459 adiit,

137 2527 140 2531 f
233 2488 325 2551 grates
344 2468 482 2538 exsolvit3
507 2488 590 2550 seque
611 2469 641 2528 in
663 2489 762 2530 omnes
778 2468 913 2530 libidines

233 2545 349 2619 effudit,
367 2569 436 2630 quas
451 2550 526 2608 male
544 2551 678 2608 coercitas
697 2549 913 2632 qualiscumque

234 2632 331 2690 mattis
351 2632 504 2690 reverentia
522 2630 687 2690 tardaverat.

274 2710 357 2770 XIV.
388 2712 478 2772 Vetus
508 2711 550 2770 illi
578 2732 642 2770 cura
666 2729 746 2780 erat,
776 2711 916 2772 curriculo

235 2792 434 2877 quadrigarum
455 2789 595 2866 insistere3
616 2812 667 2852 nec
688 2791 782 2854 mimis
805 2791 916 2854 foedum
