2000 3684
173 296 421 368 AuuAriurr
445 299 529 368 Ltn.
554 301 656 370 XIII.
686 323 748 390 ¹13

74 421 162 482 velut
174 421 300 498 infimam
317 421 479 489 nationum,
504 421 618 482 ltaliam
643 421 755 482 luxurii

74 501 239 578 sevitie‘que
266 497 485 578 adfliciavissct,
505 522 613 562 veneno
636 501 755 564 damna-

74 583 187 639 tionem
209 582 366 640 antevertit.
394 579 534 642 Caninius
557 581 692 652 Rebilus,
720 605 755 644 ex

72 663 248 741 primoribus
285 659 384 742 peritii
413 661 542 744 legum,
574 671 602 724 &
631 665 754 744 pecuniae

73 742 298 826 magnitudine,
331 743 467 802 cruciatus
502 765 587 826 aegrae·
614 747 754 816 senectae,

74 827 164 883 misso
185 833 234 903 per
252 845 337 882 venas
355 826 510 906 sanguine,
530 821 630 906 effugit
650 848 657 881 :
681 821 757 888 haud

75 905 199 964 creditus
221 905 341 963 sufficere
360 904 395 963 ad
415 902 600 964 constantiam
616 904 757 966 sumendz

75 988 206 1056 mortis,
240 985 280 1043 ob
313 985 447 1044 libidines
478 985 649 1044 muliebriter
684 985 757 1046 inla-

76 1070 142 1126 mis.
159 1066 208 1125 At.
223 1067 256 1124 L.
275 1066 409 1125 Volusius
423 1065 536 1148 egregii
553 1052 630 1126 fami
641 1087 757 1126 conten

76 1151 113 1208 sit
142 1171 149 1203 :
179 1148 225 1205 cui
245 1155 345 1208 tres&
366 1147 612 1230 nonagintaanni
635 1150 757 1227 spatium

76 1228 226 1298 vivendi,
255 1230 452 1309 ptaecipuaeque
476 1249 544 1307 opes
576 1229 657 1290 bonis
684 1231 755 1290 arti·

77 1311 155 1382 bus,
181 1305 322 1370 inoffensa
346 1328 390 1370 tot
418 1311 619 1389 imperatorum
647 1311 758 1374 malitia

78 1391 143 1452 fuit.
189 1401 194 1413 '

119 1471 237 1532 XXXI¹
260 1471 375 1531 Nerone
400 1469 575 1543 secundini,
600 1472 633 1532 L.
655 1471 758 1532 Pisone

80 1554 262 1622 consulibus,
295 1574 384 1632 pauca
412 1551 550 1612 memorii
577 1551 665 1630 digna
699 1573 760 1612 eve·

79 1656 145 1692 nere
174 1659 181 1690 z
205 1635 261 1693 nisi
286 1635 331 1692 cui
350 1635 454 1704 libeat,
481 1633 628 1693 laudandis
650 1630 756 1692 funda-

77 1717 185 1775 mentis
214 1723 241 1774 &
265 1715 413 1785 trabibus,
433 1716 495 1796 quis
519 1713 626 1774 molem
648 1711 758 1794 amphi-

79 1794 184 1855 theatri
209 1795 284 1877 apud
314 1816 445 1875 campum
470 1795 572 1856 Martis
594 1793 691 1858 Caesat
713 1816 759 1856 ex-

77 1876 235 1948 struxerat,
263 1878 409 1937 volumina
433 1877 548 1958 implere
573 1901 581 1934 :
612 1899 699 1960 quum
725 1899 759 1940 ex

80 1959 222 2042 dignitate
252 1959 350 2038 populi
381 1957 507 2018 Romani
538 1978 675 2036 repertum
699 1960 736 2019 sit
745 2005 763 2033 „

77 2061 120 2099 res
140 2036 269 2098 inlustres
282 2040 449 2109 annalibus,
467 2041 534 2099 talia
558 2037 663 2100 diurnis
683 2039 759 2101 urbis
820 2105 826 2118 ,

79 2124 150 2180 aclis
175 2119 318 2179 mandare.
343 2119 477 2180 Ceterum
508 2120 626 2179 colonia:
656 2119 759 2198 Capua

13 2212 16 2219 “
80 2223 168 2283 atque
187 2201 327 2272 Nuceria,
344 2201 445 2261 additis
465 2201 622 2270 veteranis,
644 2197 760 2260 firmatae

81 2303 146 2344 sunt
170 2283 348 2362 :plebeique
373 2283 550 2364 congiarium
574 2278 761 2362 quadringeni

81 2365 199 2424 nummi
226 2364 331 2423 viritim
359 2362 437 2433 dati,
460 2371 487 2422 δι
519 2359 669 2422 sestertium
694 2383 760 2443 qua·

84 2445 259 2528 dringenties
287 2445 382 2502 aerario
411 2444 532 2503 inlatum
560 2439 599 2500 est
615 2489 628 2512 ,
653 2442 689 2502 ad
721 2465 761 2504 te-

84 2525 234 2585 tinendam
255 2527 352 2605 populi
375 2522 471 2596 fidem,
495 2523 630 2607 Vectigal
647 2544 761 2617 quoque

81 2603 192 2688 ‚quinta
219 2614 247 2664 &
270 2607 408 2665 vicesimae
437 2605 581 2688 venalium
605 2606 760 2684 mancipio·

87 2709 151 2748 tum
173 2687 323 2746 remissurn
336 2733 348 2757 ,
371 2689 461 2766 speeie
483 2689 575 2770 magis
594 2685 679 2768 quim
700 2687 729 2752 vi
751 2709 759 2744 :

87 2771 157 2853 quia
183 2785 274 2853 quum
297 2767 427 2829 venditor
454 2767 573 2850 pendere
599 2767 762 2850 Juberetur,
