2000 3684
229 316 295 383 168
354 311 392 381 C.
420 280 571 382 Conni.
604 313 816 382 Tacrrr

224 431 274 494 sed
297 429 380 511 copiis
401 433 615 514 negociatorum
638 439 666 490 &
695 451 918 494 commeatuum

225 513 351 574 maxime
373 512 481 571 celebre
502 535 508 568 ε
528 512 569 570 ibi
586 511 759 594 arnbiguus,
774 535 820 572 an.
834 515 917 574 illam

176 591 180 595 ’
224 593 322 654 sedem
350 593 427 652 bello
449 592 604 674 deligeret,
636 591 844 673 circumspecta
872 597 919 656 in-

225 673 384 754 frequentia
404 675 521 744 militis,
539 674 661 754 satisque
684 677 803 756 magnis
823 676 916 736 docu-

225 757 329 836 mentis
361 756 550 814 temeritatem
590 754 686 814 Petilii
724 759 916 829 coercitam,

225 838 308 896 unius
325 835 424 917 oppidi
444 835 551 894 damno
577 855 684 895 servare
704 839 839 896 universa
858 836 916 898 sta-

226 920 289 978 tuit.
306 918 408 998 Neque
419 920 485 975 fletu
502 925 530 976 &
546 917 678 996 lacrymis
694 918 835 977 auxilium
856 925 914 996 ejus

226 1000 369 1059 orantium
389 1000 475 1058 flexus
489 995 635 1076 estsquin
654 996 733 1056 daret
749 997 912 1078 profeffio-

227 1081 271 1140 nis
292 1082 427 1164 signum,
443 1089 472 1139 δι
493 1079 661 1138 comitantes
681 1079 712 1137 in
732 1099 845 1158 partem
865 1101 912 1164 ag-

194 1202 196 1205 ·
227 1163 312 1220 minis
342 1163 486 1239 acciperet.
515 1160 546 1220 Si
574 1179 645 1240 quos
664 1159 790 1219 imbellis
811 1181 911 1234 sexus,

227 1261 277 1301 aut
286 1240 357 1300 fessa
372 1261 455 1312 atras,
473 1241 519 1299 vel
533 1241 591 1298 loci
601 1240 720 1300 dulcedo
736 1243 909 1312 attinuerat,

226 1322 266 1384 ab
277 1319 356 1380 lroste
373 1323 496 1401 oppressi
510 1341 581 1381 sunt.
600 1321 710 1382 Eadem
731 1321 827 1382 clades
840 1345 911 1383 mu-

227 1403 335 1482 nicipio
362 1404 530 1462 Verulamio
558 1401 640 1473 fuit3
671 1403 739 1484 quia
771 1404 909 1475 barbari,

228 1486 338 1544 omissis
364 1481 481 1543 castellis
500 1483 688 1564 presidiisque
715 1484 886 1545 militarium
899 1534 911 1556 ‚

227 1566 307 1647 quod
326 1565 497 1624 uberrimum
518 1565 672 1644 spolianti,
696 1573 723 1626 δι
746 1565 909 1626 defenden-

229 1647 304 1708 tibus
334 1650 482 1718 intutum,
504 1646 559 1705 laeti
589 1644 700 1726 praedi,
732 1654 762 1706 δε
787 1649 911 1708 aliomm

230 1749 329 1810 segnes
344 1729 482 1807 petebant.
503 1726 548 1786 Ad
564 1729 742 1810 septuaginta
759 1727 854 1790 millia
872 1733 910 1788 ci-

229 1812 309 1868 vium
325 1817 352 1867 δι
367 1809 526 1878 sociorum,
541 1809 574 1877 iis
593 1829 655 1888 quae
669 1811 830 1870 memoravi
841 1811 912 1872 locis

229 1890 360 1949 cecidisse
384 1886 535 1948 constitit:
565 1909 656 1972 neque
686 1892 763 1949 enim
789 1913 908 1974 capere,

230 1989 280 2028 aut
294 1969 472 2040 venundare,
496 1969 613 2030 aliudve
628 1971 707 2050 quod
727 1971 798 2030 belli
822 1995 907 2033 com-

230 2053 386 2122 mercium,
414 2049 463 2125 sed
487 2051 597 2121 caedes,
627 2052 773 2131 patibula,
809 2055 907 2124 iones,

230 2153 342 2203 cruces,
367 2150 515 2214 tamquam
547 2131 681 2194 reddituri
715 2134 906 2214 supplicium,

229 2235 264 2275 ac
291 2212 421 2293 praereptti
441 2215 554 2272 interim
576 2214 706 2284 ultione,
723 2213 906 2276 festinabant.

270 2294 412 2356 XXXIV.
439 2294 504 2354 lam
531 2295 667 2355 Suetonio
693 2297 907 2376 quartadecima

230 2372 308 2459 legio
336 2395 401 2433 cum
431 2376 583 2451 vexillariis
609 2377 810 2448 vicesimanis,
837 2387 865 2440 &
890 2399 906 2436 e

230 2457 364 2538 proximis
383 2458 553 2528 auxiliares,
571 2455 670 2516 decem
697 2457 785 2516 ferme
813 2460 905 2520 millia

230 2555 402 2598 armatorum
425 2556 529 2597 erant:
554 2559 642 2618 quum
663 2541 793 2600 omittere
818 2561 905 2600 cunc·

229 2620 388 2688 tationem,
408 2627 436 2678 dc
460 2619 595 2702 congredi
622 2621 682 2678 acie
705 2640 812 2700 parate
840 2622 907 2682 deli·

231 2702 274 2781 git
294 2719 328 2762 ue
354 2699 451 2761 locum
478 2703 545 2758 artis
573 2699 720 2772 faucibus,
742 2707 770 2761 &
789 2723 806 2760 a
825 2719 907 2786 tergo

226 2781 448 2852 silvaticarum
457 2783 523 2844 satis
536 2783 671 2866 cognito,
680 2780 753 2844 nihil
762 2779 907 2875 hostium3

856 2883 910 2924 msr
