2000 3684
225 323 294 405 306
345 315 382 385 C.
412 313 558 387 Conni.
591 319 776 385 TAcrrr

216 438 348 512 pinenses
365 436 519 497 conditoris
539 437 581 496 sui
602 438 719 496 nomine
740 447 906 508 vocentur,

222 519 332 600 origine
344 519 524 590 erubescunt,
536 519 696 600 transgressi
709 518 801 588 olim,
815 527 844 578 &
855 539 905 576 ex·

221 601 379 679 perimento
396 598 462 659 fidei
481 619 561 679 super
580 601 670 679 ipsam
691 597 787 657 Rheni
810 600 904 679 ripam

222 680 373 753 collocati,
386 701 418 741 ut
429 699 567 752 arcerent,
579 701 637 740 non
649 697 680 739 ut
689 678 903 741 custodirentur.

264 761 375 823 XXIX.
390 763 531 822 Omnium
542 757 640 821 harum
676 763 783 820 entium
799 763 903 821 virtute

223 845 354 924 praecipui
379 845 499 915 Batavi,
527 865 586 902 non
613 784 734 902 multum
763 864 797 901 ex
825 845 905 922 ripa,

224 923 274 983 sed
285 926 405 984 insulam
415 924 510 985 Rheni
519 925 610 984 amnis
622 924 736 994 colunt,
748 923 904 984 Cattorum

224 1005 369 1086 quondam
400 1006 537 1087 populus,
563 1015 589 1065 &
619 1005 756 1064 seditione
783 1004 903 1064 domes·

225 1085 282 1146 sicit
299 1089 329 1146 in
352 1107 398 1147 eas
420 1087 496 1148 sedes
518 1106 592 1146 trans
627 1106 722 1157 ersus,
748 1087 904 1167 inquibus

224 1185 288 1246 pars
308 1169 434 1228 Romani
456 1169 568 1248 imperii
611 1188 695 1229 erent.
717 1169 823 1228 Manet
845 1165 903 1226 ho-

226 1269 299 1319 nos,
321 1259 349 1308 &
371 1252 493 1332 antiquae
512 1249 651 1309 societatis
676 1251 815 1332 insigne:
837 1270 904 1309 nam

226 1351 278 1388 nec
298 1330 407 1391 tributis
432 1347 670 1402 contemnuntur,
691 1351 742 1388 nec
770 1331 904 1411 publica-

227 1433 279 1470 nus
303 1414 397 1472 atterit
423 1436 431 1470 t
454 1415 578 1493 exempti
604 1410 786 1472 oneribus&
810 1413 904 1472 colla·

228 1492 375 1567 tionibus,
395 1503 423 1555 δι
447 1515 558 1554 tantum
581 1495 611 1552 in
636 1513 717 1554 usum
741 1493 906 1572 proeliorum

187 1610 195 1626 ι
228 1577 363 1654 sepositi,
392 1576 469 1636 velut
496 1577 553 1635 tela
582 1593 611 1632 at
632 1593 666 1633 ue
694 1595 793 1645 arma,
826 1575 907 1636 bellis

227 1675 407 1717 reservantur.
438 1654 489 1716 Est
520 1659 549 1716 in
578 1597 679 1715 colem
707 1653 848 1738 obsequio
880 1665 908 1718 ὅ(

227 1734 431 1796 Mattiacorum
454 1757 531 1821 gens.
550 1738 669 1796 Protulit
685 1735 762 1796 enim
776 1739 906 1822 magni·

227 1815 298 1876 tudo
319 1819 419 1898 populi
438 1819 565 1879 Romani
591 1819 663 1878 ultra
687 1817 844 1890 Rhenum,
869 1818 909 1878 ul-

228 1915 326 1978 traque
355 1919 459 1958 veteres
481 1901 619 1960 terminos
644 1902 755 1980 imperii
779 1921 908 1960 reveren-

132 2007 137 2010 ·
228 1979 309 2038 tiam.
323 1979 367 2040 Ita
380 1980 443 2040 sede
454 1979 613 2063 finibusque
625 1983 654 2041 in
667 2003 714 2042 sua
724 1983 802 2062 ripa,
813 2001 907 2042 mente

156 2070 158 2075 '
229 2061 384 2144 animoque
401 2062 551 2123 nobiscum
567 2081 673 2146 agunt,
697 2083 786 2124 cetera
802 2065 908 2124 similes

230 2141 362 2215 Batavis,
385 2146 440 2204 nisi
460 2142 539 2226 quod
561 2147 623 2225 ipso
642 2141 734 2205 adhuc
755 2163 831 2205 terrae
854 2167 908 2206 suae

230 2224 293 2284 solo
312 2233 341 2285 &
363 2227 436 2286 coelo
458 2225 547 2286 atritis
567 2228 736 2286 animantur.
757 2226 829 2286 Non
850 2247 907 2286 nu-

231 2308 396 2366 meraverim
440 2309 512 2368 inter
553 2307 714 2368 Germaniae
755 2308 907 2389 populos,
995 2357 996 2364 ,

231 2408 405 2528 quampuam
426 2408 502 2450 trans
526 2387 660 2450 Rhenum
682 2389 907 2470 Danubiumque

232 2487 315 2527 conse
336 2473 424 2541 erint,
452 2490 520 2542 eos,
553 2473 602 2553 qui
626 2472 798 2532 Decumates
825 2491 908 2553 agros
995 2469 996 2526 ἲ

232 2568 367 2611 exercent
399 2553 568 2617 Levissimus
590 2553 708 2635 quisque
736 2551 907 2622 Gallorum,
995 2617 996 2632 ,

233 2639 260 2691 &
272 2631 369 2712 inopia
380 2632 492 2703 audax»,
513 2634 604 2694 dubia
619 2635 800 2714 possessionis
816 2634 909 2694 solum
995 2633 996 2698 i

233 2731 412 2793 occupavere.
442 2714 517 2776 Mox
551 2716 641 2775 limite
673 2717 762 2787 aeto,
793 2735 909 2796 promo·

234 2794 324 2874 risque
355 2794 506 2873 praesidiis,
532 2797 606 2858 sinus
635 2797 768 2878 imperii,
794 2805 821 2858 δι
846 2815 909 2878 pars

233 2876 384 2958 provinciae
404 2874 551 2940 habentur.
