2000 3684
222 341 469 414 AuuArrtmr
493 342 578 416 Lm.
602 343 704 417 XVI.
733 347 798 417 281

126 463 197 523 iium
227 461 332 535 adium
365 467 493 546 aequitate
519 464 602 525 detinr
629 487 696 550 erga
727 469 803 528 bona

127 546 260 626 malaque
292 543 472 606 documenta.
496 545 647 620 Thraseae,
677 547 803 609 Sorano-

120 639 123 645 '
148 647 201 696 ue,
225 635 252 686 δι
276 627 398 687 Serviliae
421 627 625 706 datur‘mortis
648 629 802 690 arbitrium,

125 647 276 766 helvidius
303 717 330 767 &
351 709 488 768 Paconius
509 703 593 768 Italiai
621 709 802 790 depelluntur.

125 785 284 847 Montanus
314 785 385 868 patri
417 806 563 850 concessus
586 788 645 861 est,
672 787 802 870 ptaedieio

88 883 89 888 ’
126 887 163 926 ne
193 869 223 928 in
253 869 347 949 repub.
382 868 541 930 haberetut.
565 871 804 946 Accusatotibus,

127 947 238 1029 Eprio,
264 957 290 1010 &
319 947 513 1024 Cossutiano,
534 953 721 1036 quinquagies
741 971 803 1012 ses·

127 1033 242 1089 tertium
268 1032 401 1114 singulis,
431 1026 547 1092 Ostorio
578 1033 746 1104 duodecies,
777 1039 806 1095 dc

131 1110 277 1192 quaestoria
301 1114 423 1195 insignia
441 1113 607 1173 tribuuntur.

170 1191 314 1252 XXXIV.
333 1193 410 1252 Tum
426 1189 460 1254 ad
476 1192 651 1267 Thraseam,
669 1193 699 1255 in
715 1193 805 1256 hortis

127 1293 280 1356 agentern,
299 1273 417 1358 quaestor
431 1275 552 1336 consulis
566 1277 683 1349 missus,
700 1298 802 1358 vespe-

128 1375 252 1414 rascente
273 1360 332 1434 jam
358 1357 413 1418 die.
433 1355 594 1418 Inlustrium
611 1359 736 1419 virorum
760 1353 804 1418 fe-

127 1439 326 1518 minarumque
368 1457 453 1497 coetus
487 1438 642 1520 frequentes
677 1459 805 1522 egerat,

127 1519 255 1577 maximia
279 1522 401 1578 intentus
421 1519 591 1592 Demetrio,
616 1521 734 1599 Cynica
755 1522 803 1580 itt-

127 1597 281 1659 stitutionis
301 1600 411 1659 doeioti
432 1622 439 1657 t
464 1621 529 1658 cunr
545 1621 624 1682 qno,
645 1620 676 1660 ut
697 1606 807 1680 conjec·

129 1699 189 1740 tare
210 1701 267 1739 erat
291 1681 445 1741 intentione
465 1682 577 1751 vultus,
600 1690 627 1741 δι
646 1680 761 1751 auditu,
781 1683 806 1742 si

128 1783 187 1844 qua
217 1759 315 1824 claritis
348 1762 612 1842 proloquebantut,
646 1760 680 1822 de
708 1782 806 1824 natura

128 1845 253 1913 animae,
274 1852 301 1904 δι
321 1843 519 1904 dissociatione
536 1841 645 1924 spiritis
662 1846 804 1926 corporis·

151 1945 185 1984 ue
207 1925 366 2006 inquirebat
389 1949 395 1982 :
418 1924 508 1986 donec
526 1925 641 1986 advenit
659 1924 806 1986 Domitius

129 1946 322 2079 audianus,
355 2027 387 2066 ex
416 2009 524 2069 intimis
552 2009 672 2078 amicis,
699 2015 726 2068 dt
756 2007 805 2078 ei,

130 2087 200 2168 quid
219 2106 329 2148 senatus
351 2091 521 2160 censuisset,
552 2090 688 2170 exposuit.
716 2087 807 2170 Igitur

98 2223 100 2228 .
130 2173 227 2230 flentes
250 2171 495 2250 queritantesque,
520 2171 570 2251 qui
596 2168 734 2238 aderant,
748 2169 804 2246 fa·

130 2273 232 2310 cessere
252 2251 362 2325 properi
383 2248 529 2321 Thrasea,
547 2272 598 2308 neu
612 2249 735 2322 pericula
754 2271 808 2308 sua

131 2335 243 2392 miscere
270 2353 329 2390 cum
353 2349 426 2390 sorte
450 2331 575 2389 damnati
595 2325 729 2388 hortatur.
750 2329 807 2389 Ar-

129 2415 257 2494 tiamque
289 2430 443 2471 tentantem
475 2412 569 2473 mariti
596 2431 746 2492 suprema,
778 2419 807 2472 dc

131 2494 290 2573 exemplum
319 2493 406 2554 Arriae
434 2495 530 2553 matris
557 2495 656 2574 sequi,
685 2510 807 2564 monet,

131 2578 244 2635 retinere
260 2577 365 2646 vitam,
374 2577 493 2654 filiaque
509 2575 643 2636 commi
653 2573 806 2633 subsidium

131 2659 239 2716 unicum
256 2679 308 2715 non
327 2659 452 2716 adimere.
546 2663 549 2668 ’

172 2737 299 2797 XXXV.
316 2737 394 2796 Turn
416 2757 574 2818 progressus
595 2738 625 2795 in
643 2734 781 2816 porticum
792 2781 806 2805 ,

129 2817 187 2878 illic
202 2841 218 2880 a
236 2817 369 2901 quaestote
385 2819 535 2900 reperitur,
554 2818 656 2878 lactitiae
671 2817 805 2899 propior,
