2000 3684
212 317 283 383 294
335 295 372 364 C.
403 295 545 365 Corn,
577 295 763 363 TAcrrr

210 417 254 474 sin
281 411 404 493 placuit,
433 399 556 473 frameas
576 415 751 474 concutiunt.
779 414 897 476 Hono·
960 453 966 468 ι

209 497 382 637 {imm
399 493 525 556 assentiis
539 515 627 580 genus
642 492 702 567 est,
720 498 808 558 armis
825 499 896 558 lau-

139 613 143 618 ‚
262 597 286 637 e.

214 702 218 706 -
251 659 338 720 XII.
364 659 446 718 Licet
476 657 551 738 apud
583 659 736 720 concilium
763 680 900 720 accusare

210 761 346 882 ppoque‚
375 749 404 800 δι
428 739 579 799 discrimen
606 741 705 822 capitis
737 741 898 804 intendere.

243 819 366 883 istinclio
386 842 533 902 pernarum
554 825 588 881 ei
603 821 707 882 delicio
731 845 737 880 :
758 823 898 903 prodito-

211 924 255 963 res
285 913 313 965 &
338 903 497 986 transfugas
519 903 666 964 arboribus
689 903 864 984 suspendunt
892 927 902 962 ε

211 987 353 1068 ignavos,
377 994 404 1045 δι
433 985 588 1055 imbelles,
612 993 640 1046 δι
669 1005 785 1064 corpore
819 984 903 1046 infa-

211 1085 294 1139 mes,
319 1085 402 1126 coeno
431 1087 466 1126 ac
494 1066 622 1147 palude,
650 1065 754 1146 injeeiai
781 1067 904 1146 insuper

212 1167 308 1220 crate,
335 1168 474 1232 mergunt.
498 1149 653 1209 Diversitas
677 1147 806 1228 supplicii
825 1147 903 1208 illuc

128 1274 130 1280 .
212 1231 349 1309 respicit,
371 1249 520 1312 tamquam
543 1229 645 1290 scelera
669 1227 777 1288 ostendi
800 1250 902 1310 opor-

212 1328 272 1370 teat
284 1311 353 1370 dmn
364 1313 533 1391 puniuntur,
547 1312 655 1396 flagitia
673 1309 818 1370 abscondi.
837 1309 904 1374 Sed

213 1400 242 1452 δι
257 1392 409 1454 levioribus
433 1392 557 1464 delictis,
578 1413 628 1474 pro
648 1391 757 1465 modo,
779 1411 867 1472 poena
894 1415 904 1454 t

214 1493 352 1556 equorum
391 1495 581 1556 pecorumque
613 1493 731 1533 numero
768 1475 906 1536 convicti

213 1557 371 1618 multantur
392 1579 398 1613 :
421 1577 483 1636 pars
503 1557 597 1615 multae
614 1575 643 1614 re
665 1555 740 1615 ivel
764 1555 905 1630 civitati,

213 1657 279 1718 pars
289 1639 418 1719 ipsi,qui
426 1576 826 1718 vindicaturffeipropinquis
836 1642 908 1716 ejus

215 1719 377 1780 exsolvitur.
394 1719 546 1814 Eligunmr
560 1721 590 1778 in
606 1717 708 1778 iisdem
727 1717 858 1778 conciliis
874 1728 910 1780 &

212 1801 377 1882 principes,
404 1821 455 1882 qut
482 1806 542 1882 juta
568 1819 617 1881 per
644 1819 733 1884 pagos
759 1800 909 1880 vicosque

214 1879 344 1942 reddunt.
365 1881 491 1942 Centeni
513 1884 556 1944 sin
578 1882 631 1943 ulis
646 1901 680 1940 ex
703 1881 783 1962 plebe
801 1883 909 1941 corni-

215 1981 281 2033 τες,
304 1963 456 2024 consilium
483 1965 539 2025 tim
591 1971 619 2024 &
643 1963 819 2035 auctoritas,
842 1962 909 2025 ad-

216 2063 291 2106 aunt.

221 2153 227 2159 ·
258 2125 341 2187 Xlll.
360 2124 445 2186 Nihil
464 2146 559 2188 autem
577 2147 668 2208 neque
690 2126 824 2207 publica,
842 2147 908 2186 ne-

217 2229 274 2292 que
295 2210 409 2290 private
430 2211 490 2279 rei,
513 2209 566 2269 nisi
591 2210 693 2270 armati
718 2225 814 2290 agunn
837 2207 909 2270 Sed

217 2313 298 2350 arma
320 2309 428 2350 sumere
450 2312 510 2350 non
532 2289 598 2349 ante
625 2292 670 2371 cuj
693 2310 760 2349 uam
786 2289 908 2362 moris,

218 2370 306 2452 quim
325 2373 423 2432 civitas
444 2369 623 2432 suffecituum
636 2311 802 2451 prbbaverit.
817 2367 910 2431 Turn

219 2454 250 2527 ip
267 2455 329 2534 ipso
342 2455 465 2514 concilio
477 2454 523 2514 vel
541 2453 698 2533 principum
715 2452 832 2533 aliquis,
849 2453 911 2514 vel

218 2553 320 2616 pater,
344 2536 390 2595 vel
407 2537 598 2617 propinquus,
628 2552 706 2594 scuto
735 2530 911 2614 frameique

250 2637 350 2676 venem
382 2636 484 2676 ornant
507 2640 515 2674 ε
540 2613 598 2676 haec
621 2614 695 2697 apud
719 2613 883 2695 illos·toga
897 2661 924 2688 ,.

242 2699 268 2754 ic
292 2700 395 2777 primus
410 2704 530 2778 juvente
550 2695 751 2762 honos.:ante
773 2693 828 2754 hoc
850 2695 912 2756 do-

222 2775 285 2838 tntis
306 2799 370 2861 pars
389 2779 539 2854 videntur,
565 2799 633 2840 mox
657 2777 826 2859 reipublicae.
844 2774 909 2840 In-
