2000 3684
219 305 284 392 328
339 300 376 369 C.
405 299 550 370 Cottu.
582 300 770 385 TAcrrr

214 422 300 503 idque
319 422 533 480 matrimonium
546 417 583 480 ad
598 425 706 500 majore
723 423 829 482 nitenti
851 419 900 491 de·

215 525 263 563 cus
278 525 311 562 ac
331 503 417 562 robur
435 501 490 562 fuit
507 525 514 560 t
534 504 716 582 vixeruntque
734 501 809 562 miti
827 525 900 564 con-

214 582 332 656 cordii,
356 604 404 664 pet
427 602 555 643 mutuam
579 585 746 655 caritatem,
771 593 800 644 &
823 587 901 647 invi-

137 666 140 671 ⁴
213 687 277 734 tem
295 687 324 725 se
348 663 547 746 anteponendo
567 686 575 720 t
594 667 649 724 nisi
666 661 747 746 qubd
770 667 804 726 in
822 665 905 726 boue

214 767 301 809 uxore
323 745 404 807 tantb
427 753 519 824 major
539 746 623 817 laus,
642 743 751 826 quantb
771 748 803 806 in
822 749 904 807 mals

213 829 277 910 plus
297 830 384 910 culpae
403 825 453 889 est„
470 828 535 888 Sors
559 825 699 907 quaesturae
720 829 904 907 provinciam

214 911 337 982 Asiam,
368 909 563 990 proconsulem
595 909 722 968 Salvium
749 907 905 969 Titianum

218 991 298 1053 dedit
328 1015 335 1048 :
374 1012 494 1072 quorum
529 1008 628 1048 neutro
660 1007 806 1068 corruptus
840 984 905 1062 est3

218 1094 395 1154 quamquam
417 1081 444 1132 δι
465 1073 610 1158 provincia
631 1069 729 1142 dives,
748 1093 781 1130 ac
804 1091 908 1150 parata

216 1154 421 1235 peccantibus,
437 1163 466 1213 &
479 1151 645 1234 proconsul,
659 1152 690 1212 in
703 1173 823 1212 omnem
839 1155 909 1228 aui-

217 1234 337 1295 ditatem
358 1256 481 1314 pronus,
503 1233 680 1315 quantalibet
698 1231 837 1293 facilitate
859 1256 910 1294 re-

218 1315 381 1396 dempturus
398 1335 470 1376 esset
489 1335 619 1374 mutuam
645 1314 910 1390 dissimulationem

218 1400 299 1462 mali.
315 1399 424 1458 Audius
440 1395 479 1456 est
498 1397 540 1455 ibi
557 1395 633 1468 lilii,
652 1397 682 1454 irr
700 1395 857 1456 subsidium
879 1407 912 1458 δι

219 1481 353 1543 solatium
363 1479 447 1540 simul
458 1501 465 1536 ε
478 1499 547 1538 nam
559 1475 648 1536 filium
660 1477 725 1536 anti
738 1477 910 1552 sublatum,

220 1560 299 1629 brevi
326 1562 430 1621 amisit
459 1560 534 1619 Mox
557 1561 629 1618 inter
655 1555 843 1640 quaesturam,
873 1582 912 1620 ae

220 1644 395 1704 tribunatum
430 1641 545 1722 plebis,
575 1661 659 1722 atque
689 1642 774 1700 etiam
808 1642 914 1720 ipsum

220 1723 379 1786 tribunatiss
402 1744 510 1784 annum
533 1725 673 1804 quiete&
694 1723 756 1781 otio
782 1725 914 1796 transit,

220 1826 324 1900 gnarus
358 1805 410 1866 sub
442 1804 558 1864 Nerone
588 1824 774 1886 temporum,
800 1804 917 1884 quibus

220 1890 322 1949 inertia
348 1908 399 1966 pro
423 1887 562 1964 sapientia
588 1883 757 1946 fuitsIdem
779 1905 915 1964 praeturae
965 1932 970 1941 .

221 1987 319 2039 tenor,
340 1967 531 2028 &silentium
554 1991 561 2026 ι
582 1988 633 2027 nec
651 1968 729 2026 eninr
748 1965 915 2046 jurisdifflo

215 2050 403 2120 obvenerat„
418 2047 541 2120 Ludos,
572 2057 600 2110 δι
632 2050 729 2108 inania
763 2045 915 2130 honoris,

224 2131 313 2194 modo
341 2132 458 2192 tationis
483 2150 568 2212 atque
595 2129 775 2190 abundantiae
799 2128 914 2210 duxit,

224 2215 267 2274 uti
293 2214 380 2296 longi
408 2235 426 2274 a
451 2213 581 2284 luxuria,
605 2213 644 2270 ita
668 2211 751 2272 famae
780 2213 915 2291 propior.

223 2295 304 2356 Tum
317 2297 419 2356 eledius
438 2317 455 2353 a
474 2293 571 2355 Galba
587 2293 623 2354 ad
642 2293 718 2354 dona
736 2291 916 2372 templorum

224 2375 479 2460 recognoscenda,
515 2373 733 2460 diligentissimi
765 2375 918 2453 conquisi-

224 2461 304 2520 tione
329 2456 415 2529 fecir,
437 2479 472 2517 ne
494 2463 572 2536 cujus
593 2455 703 2518 alterius
726 2453 940 2537 saerilegium⁴

224 2541 336 2619 respub.
353 2535 440 2621 quim
461 2537 584 2598 Neronis
606 2540 742 2598 sensisset.
879 2602 887 2614 ι

266 2621 336 2682 VII.
357 2622 481 2702 Sequens
490 2641 589 2680 ¹onnus
624 2622 684 2680 ravi
703 2619 817 2680 tuone
839 2619 914 2676 ani-

228 2721 309 2762 mum
323 2702 497 2782 domumque
512 2705 569 2780 ejus
581 2640 689 2769 afflixit
703 2724 712 2760 r
727 2720 796 2760 nam
813 2698 919 2761 classis

228 2781 414 2864 Othoniana,
425 2784 540 2845 licenter
553 2804 627 2868 uaga
634 2827 646 2858 ,
656 2781 726 2846 dum
738 2783 769 2844 in
782 2779 917 2862 Templo
943 2797 945 2804 ·
