2000 3684
213 313 636 382 Grumum.
696 331 762 402 293

89 434 168 494 euim
180 431 321 494 ministros
338 432 472 504 deorum,
489 431 556 492 illus
571 434 698 492 conscios
714 453 767 513 pu·

88 533 160 576 taut.
180 512 276 588 Est&
300 515 356 574 alia
373 513 533 574 observatio
554 515 765 594 auspiciorum,

88 584 146 676 qui
169 596 299 678 gravium
316 594 454 654 bellorum
475 614 589 654 eventus
612 597 766 674 explorant.

86 677 158 756 Ejus
171 677 278 760 gentis,
291 697 356 736 cum
367 698 423 757 qua
435 676 542 736 bellum
553 673 607 747 est,
625 679 767 756 captivum

87 779 206 840 quoquo
233 758 322 818 modo
347 760 555 838 interceptum,
585 776 650 816 cum
677 757 767 818 eleeto

20 847 22 851 ’
87 840 266 919 popularium
291 860 424 908 suorum,
445 840 542 918 patriis
563 856 704 919 quemque
723 859 768 898 at·

87 921 145 980 mis
163 922 345 980 committunt
363 943 369 977 :
389 921 508 980 victoria
525 918 606 1000 hujus
618 919 663 980 vel
674 921 767 990 illius,
793 917 797 924 ’

91 1022 145 1082 pto
167 1000 326 1082 praejudicio
346 1003 489 1081 accipitur.

129 1081 183 1142 XI.
202 1083 248 1141 De
270 1084 427 1142 minoribus
443 1083 525 1142 rebus
548 1083 684 1163 principes
701 1103 770 1144 con*

87 1163 212 1234 sultant3
229 1163 263 1224 de
280 1165 433 1244 majoribus
451 1185 551 1224 omnes
572 1188 579 1221 z
597 1166 637 1224 ita
654 1184 768 1238 tamen,

86 1263 119 1304 ut
144 1267 177 1304 ea
199 1266 330 1326 quoque,
346 1267 474 1327 quorum·
488 1267 572 1327 penes
593 1247 705 1326 plebem
726 1268 770 1307 at·

86 1325 206 1386 bitrium
229 1323 285 1398 est,
305 1326 379 1408 apud
399 1330 536 1408 principes
560 1325 766 1408 pertrut'tentur·

87 1397 229 1479 Coeunt,
252 1409 307 1468 nisi
326 1409 395 1489 quid
419 1408 568 1468 fortuitum
592 1418 620 1470 &
643 1410 767 1470 subitum

86 1482 238 1560 inciderit,
267 1492 347 1549 certis
375 1490 492 1560 dicbus,
520 1511 608 1570 quum
639 1510 688 1550 aut
717 1492 766 1549 in-

86 1557 208 1631 clroatur
224 1570 309 1642 luna,
326 1590 374 1630 aut
392 1572 545 1649 impletur:
568 1590 636 1630 nam
651 1569 768 1654 agendis

86 1651 171 1728 rebus
198 1650 254 1712 hoc
280 1653 534 1732 auspicatissimum
561 1652 674 1712 initium
704 1666 768 1712 cte·

85 1731 168 1793 dunt.
189 1733 251 1793 Nec
272 1732 379 1792 dierum
403 1753 572 1803 numerum,
590 1752 621 1792 ut
633 1752 700 1804 nus,
720 1731 770 1794 sed

85 1817 217 1875 nocuum
242 1833 415 1895 computant.
442 1816 490 1875 Sic
515 1811 704 1885 constituunt,
728 1816 768 1874 sic

86 1894 244 1957 condicunt
265 1921 273 1954 s
297 1919 354 1957 nor
374 1897 473 1956 ducere
495 1894 572 1956 diem
588 1895 706 1958 videtur.
724 1895 769 1956 ll-

85 1969 139 2037 lud
159 1999 191 2036 er
209 1978 336 2039 libertate
354 1981 473 2050 vitium,
485 1976 565 2058 quud
583 2000 642 2038 non
663 1977 767 2051 simul,

84 2081 141 2118 nec
151 2079 182 2119 ut
194 2063 259 2136 jussi
273 2063 465 2130 conveniunt,
475 2058 523 2118 sed
535 2069 562 2119 &
571 2060 654 2129 alter,
669 2069 695 2120 &
707 2080 768 2128 tet-⁴¹

85 2142 144 2200 tius
173 2141 232 2200 dies
261 2143 439 2200 cunctatione
459 2141 622 2198 coeuntium
641 2141 769 2200 absumi-
793 2187 796 2192 Δ

84 2239 142 2280 tut.
163 2216 207 2281 Ut
228 2222 315 2280 turbae
333 2223 463 2300 placuit,
489 2221 638 2280 considunt
658 2223 769 2284 armati.

84 2297 242 2364 Silentium
263 2322 312 2379 per
332 2302 512 2372 sacerdotes,
535 2302 636 2382 quibus
659 2320 720 2361 tum
741 2311 771 2364 δι

86 2381 240 2442 coercendi
250 2387 292 2461 jus
311 2381 368 2454 est,
384 2385 544 2464 imperatur.
556 2383 630 2444 Mox
642 2403 706 2454 rex,
721 2384 768 2446 vel

109 2460 237 2544 rinceps,
263 2483 347 2543 prout
366 2483 432 2524 aetas
456 2465 575 2546 cuique,
601 2484 683 2546 prout
707 2487 766 2526 uo-

86 2485 206 2616 lilius,
231 2565 314 2684 prout
335 2544 418 2606 decus
439 2545 602 2616 bellorum,
624 2565 706 2627 prout
726 2546 769 2608 fas

87 2625 231 2686 cundiae
263 2670 273 2698 ,
302 2626 467 2699 audiuntur,
505 2628 668 2687 auctoritate
703 2649 770 2688 sua·

87 2703 175 2766 ciendi
196 2709 304 2791 magis,
325 2705 411 2789 quim
429 2709 546 2787 jubendi
605 2705 709 2770 testate.
734 2711 767 2770 Si

88 2784 233 2872 displicuit
248 2791 383 2850 sententia
388 2835 399 2864 ,
418 2789 534 2850 fremitu
544 2730 767 2870 alipemanuut

564 2867 646 2952 N-iij
675 2877 681 2888 ·
