2000 3684
201 381 269 464 3oo
322 359 753 432 C.CORN.TAC1T1

197 479 278 538 nium
296 499 400 541 ament.
422 481 581 543 Numerum
598 481 751 540 liberorum
772 479 857 543 finire
865 496 883 554 ,“

198 578 248 618 aut
267 577 440 643 quemquam
466 584 500 621 ex
525 564 634 644 agnatis
654 584 752 625 necare
763 606 773 634 ‚
796 567 882 647 flugi-

198 642 271 700 tium
289 639 412 702 habetur
427 666 435 701 ·.
450 645 565 724 plusque
580 645 620 702 ibi
633 643 702 704 boni
715 665 809 704 mores
827 668 879 707 va·

196 720 277 792 lent,
298 721 474 804 quimnl'rbi
493 723 575 784 bouae
592 725 677 807 leges.
694 758 696 762 ·

240 802 309 866 XX.
329 805 363 864 In
385 807 466 874 omui
485 804 574 864 domo
593 805 663 865 nudi
683 827 717 866 uc
741 805 875 878 sordidi,

197 882 303 946 inrhos
323 907 415 957 artus,
434 888 465 946 in
479 885 538 948 haec
553 907 689 966 corpore,
710 908 772 966 quae
792 891 878 950 mita·

197 988 289 1036 mur,
318 987 484 1039 excrescunt.
519 967 576 1028 Suu
609 989 753 1048 quemque
784 981 877 1030 mater

198 1050 329 1111 uberibus
344 1051 420 1120 valit,
445 1071 497 1109 nec
525 1049 633 1109 ancillis
658 1070 690 1108 ac
719 1051 877 1112 nutricibus

191 1132 370 1214 delegantur.
400 1132 565 1192 Dominum
590 1151 623 1191 ac
648 1149 758 1191 servutn
789 1133 876 1194 nuidis
935 1165 937 1168 ·

198 1213 372 1273 educationis
404 1212 510 1282 deliciis
540 1213 698 1294 dignoscas.
726 1211 802 1272 Inter
830 1233 877 1274 eu·

197 1294 265 1354 dem
296 1315 416 1375 pecora,
445 1296 475 1352 in
503 1293 602 1354 eadem
629 1289 717 1352 bunio
744 1292 873 1375 degunr3

198 1374 290 1434 donec
327 1395 392 1436 aetas
432 1394 538 1454 separet
579 1376 747 1456 ingenuos,
787 1376 874 1436 virtus

196 1471 344 1540 agnoscat.
362 1457 427 1528 Sera
441 1461 576 1535 juvenum
592 1473 697 1526 venus,
717 1453 807 1534 edque
828 1459 875 1517 in·
955 1477 958 1481 ·

197 1536 331 1612 exhausta
348 1539 475 1618 pubertas
497 1561 508 1594 ε.
527 1559 579 1598 nec
597 1537 718 1615 virgines
734 1533 875 1598 festinan-

192 1638 242 1684 tur
254 1643 265 1692 3
289 1617 387 1679 eadem
416 1623 552 1696 juventa,
581 1619 679 1678 similis
704 1620 873 1698 proceritus,

196 1722 277 1783 pares
291 1701 447 1780 validaeque
458 1701 608 1760 miscentur
623 1722 629 1756 :
644 1719 677 1758 ae
697 1698 799 1758 robora
815 1718 871 1778 pa-

195 1802 309 1843 rentum
321 1783 403 1840 liberi
415 1781 552 1842 referunt.'
563 1781 698 1842 Sororum
714 1778 778 1840 filiis
794 1781 872 1842 idem

193 1863 272 1943 apud
289 1863 458 1923 avunculum
468 1909 480 1933 ,
491 1865 542 1945 'qui
554 1861 627 1941 apud
644 1881 751 1941 patrem
768 1857 871 1928 hbnors

197 1944 326 2020 Quidam
337 1947 504 2012 sandiotem
517 1946 719 2023 arctioremque
729 1940 804 2002 hunc
815 1965 869 2004 ne-

195 2047 264 2086 xum
281 2027 423 2106 sanguinis
441 2026 665 2096 arbitranturs&
681 2025 711 2084 in
723 2026 869 2104 aecipien-

194 2107 239 2169 dis
251 2106 396 2167 obsidibus
411 2109 503 2206 magis
519 2107 651 2189 exigunt,
669 2123 816 2186 tanquam
831 2108 851 2165 ii
859 2141 869 2178 4

195 2191 372 2257 &animum
392 2186 518 2259 firmius,
537 2196 564 2248 δι
585 2185 704 2246 domum
724 2186 806 2252 latius
827 2207 870 2246 te·
898 2219 901 2227 ¹

194 2291 289 2339 neant.
310 2270 436 2330 Heredes
458 2289 554 2329 umen
581 2288 802 2348 successoresque
828 2271 870 2328 sui

195 2357 297 2434 cuique
317 2353 424 2412 liberi:
446 2360 474 2411 &
489 2350 598 2410 nullum
617 2347 819 2408 testamentum.
838 2351 870 2410 Si

195 2435 277 2496 liberi
293 2457 353 2493 non
372 2452 453 2504 sunt,
473 2433 614 2511 proximus
635 2429 736 2512 gradus
755 2432 784 2490 in
805 2450 869 2508 pos·

192 2517 315 2576 sessione
333 2515 429 2574 fratres
440 2514 557 2593 ,·patrui
567 2531 579 2583 ,’
592 2512 732 2572 avunculi.
748 2509 867 2585 Quantb

193 2598 257 2678 plus
278 2599 519 2678 propinquorum,
542 2591 601 2675 qud
624 2599 715 2672 major
741 2591 867 2652 affinium

193 2699 326 2739 numerus
335 2699 347 2748 ,·
366 2675 446 2737 tantd
468 2677 617 2759 gratiosior
636 2677 785 2744 senodum
813 2693 867 2734 nec

194 2759 252 2825 ull-a
263 2759 400 2817 orbitatis
422 2759 530 2836 precis·
862 2787 867 2806 ν

228 2837 333 2904 XXI.
362 2839 507 2922 Suscipere
537 2855 603 2909 itam
629 2835 794 2901 inimicitius
813 2854 868 2896 seu
894 2879 897 2886 1
