2000 3684
171 364 421 437 Annonam
444 363 528 433 ω.
552 361 633 434 XV.
683 386 755 451 207

67 485 194 571 poribus
214 505 346 545 caesorum
365 484 547 566 aggregatis,
564 479 623 566 qud
642 481 755 544 cladem

68 567 202 630 nostram
219 565 381 635 testaretur,
401 567 462 624 visu
479 563 649 647 fugientium
665 565 758 650 legio·

69 669 145 710 num
162 647 306 708 abstinuit.
326 645 418 706 Fame
435 645 637 706 moderationis
652 667 757 727 qurere-

70 731 182 801 batur,
215 727 363 810 postquam
396 727 555 808 superbiam
588 726 755 806 expleverat.

69 813 197 872 Flumen
215 811 366 870 Arsaniam
389 807 542 889 elephanto
565 806 705 880 insidens,
725 817 755 869 δε

71 895 221 976 proximus
247 893 365 974 quisque
392 909 509 974 regem,
537 891 569 949 vi
596 909 757 971 equorum,

70 993 245 1057 perrupere,
262 974 330 1054 quia
352 993 447 1031 rumor
461 973 629 1041 incesserat,
645 989 759 1044 pontem

71 1077 214 1116 cessurum
232 1055 326 1123 oneri,
345 1056 407 1113 dolo
409 1052 609 1132 fabricantium
622 1074 632 1108 .·
646 1051 694 1110 sed
705 1052 757 1132 qui

73 1137 189 1218 ingredi
214 1137 274 1196 ausi
295 1152 379 1205 sture,
401 1132 529 1195 validum
550 1141 578 1194 dr
597 1131 687 1192 fidum
705 1133 755 1192 in·

73 1220 215 1278 reflexere.

114 1299 201 1359 XVI.
225 1295 360 1358 Ceterum
390 1297 508 1357 obsessis
531 1294 604 1356 adeo
622 1293 755 1375 suppedi-

73 1383 177 1441 tavisse
206 1397 266 1438 tem
298 1376 510 1438 fmmentariam
543 1374 690 1447 constitit,
723 1393 757 1436 ut

77 1460 188 1521 horreis
213 1462 310 1543 ignem
333 1461 476 1538 injicerent
492 1481 500 1516 e
520 1457 672 1540 eonrr‘aque
691 1477 755 1536 pro-

75 1543 181 1602 diderit
193 1539 342 1611 Corbuio‚
358 1539 478 1600 Parthos
493 1542 587 1615 inopes
598 1541 735 1613 copiarum
744 1582 757 1609 ,

76 1622 215 1700 &pabulo
232 1623 347 1693 attrito,
363 1623 502 1682 relidam
513 1621 755 1699 oppugnationem,

74 1726 158 1784 ireque
168 1727 201 1764 se
209 1705 272 1778 plur
284 1704 371 1762 tridui
380 1705 477 1763 itinere
487 1702 615 1780 abfiisse.
626 1698 756 1780 Adjecit,

68 1789 253 1869 jurejurando
266 1785 346 1867 'Pati
362 1801 469 1844 tautum
492 1786 566 1858 apud
579 1785 681 1862 signa,
707 1783 755 1842 od·

71 1867 211 1951 stantibus
227 1868 280 1936 iis,
297 1887 362 1943 quos
377 1867 540 1947 testificando
554 1887 603 1924 rex
616 1864 757 1936 misisset,

76 1951 213 2008 neminem
225 1947 378 2011 Romanum
388 1945 549 2006 Armeniam
556 1949 754 2026 ingressumm,

75 2033 160 2090 donec
184 2029 341 2106 referrentm
359 2029 458 2088 littero
481 2027 623 2099 Neronis,
641 2051 678 2087 an
689 2029 758 2102 paci

78 2128 219 2170 annueret.
241 2109 312 2185 Quae
332 2127 364 2168 ur
376 2107 511 2191 aagendae
527 2108 654 2168 infamiae
674 2129 758 2168 corn-

77 2195 191 2273 posita,
208 2192 247 2249 sic
268 2191 374 2271 reliqua
392 2211 451 2249 non
469 2191 498 2248 in
514 2191 633 2249 obscuro
648 2187 758 2248 habeo-

78 2293 121 2333 tur
130 2297 140 2344 3
158 2293 215 2331 una
232 2271 278 2330 die
292 2271 479 2354 quadraginta
494 2271 617 2330 millium
634 2273 759 2350 spatium

78 2373 224 2414 emensum
242 2373 298 2412 esse
311 2354 437 2422 Potum,
452 2350 565 2425 desertis
593 2354 677 2410 assim
687 2368 756 2412 sau*
801 2391 808 2395 -

78 2439 150 2507 eiis3
165 2455 259 2516 oeque
270 2433 363 2494 mimis
380 2433 539 2494 deformem
554 2434 561 2446 ’
585 2453 632 2492 am
643 2432 760 2518 fugienss

78 2521 149 2578 tium
165 2517 402 2596 trepidationem,
412 2515 498 2598 quim
513 2515 538 2575 si
554 2533 631 2600 terga
650 2518 680 2575 in
696 2517 760 2575 acie

79 2602 245 2660 vertissent·
258 2597 388 2660 Corbulo
412 2617 477 2657 eum
500 2598 557 2656 stris
574 2597 663 2678 copiis
682 2593 758 2678 apud

78 2683 169 2761 ripam
189 2677 340 2760 Euphratis
355 2679 472 2750 obrius,
484 2699 543 2738 non
554 2697 623 2738 eam
636 2675 758 2760 speciem'

79 2763 236 2844 insignium
260 2769 288 2821 δι
306 2781 448 2820 armorum
464 2760 600 2840 proeteriit,
615 2778 647 2818 ut
665 2759 760 2821 diver-

80 2845 192 2904 sitatem
207 2841 389 2924 ‘exprobraret
406 2840 524 2902 :moesti
541 2843 679 2923 manipuli
689 2889 704 2914 ,
723 2841 760 2904 ae
