<?xml version="1.0" encoding="UTF-8"?>
<!DOCTYPE html PUBLIC "-//W3C//DTD XHTML 1.0 Transitional//EN"
    "http://www.w3.org/TR/xhtml1/DTD/xhtml1-transitional.dtd">
<html xmlns="http://www.w3.org/1999/xhtml" xml:lang="en" lang="en">
 <head>
  <title>
</title>
<meta http-equiv="Content-Type" content="text/html;charset=utf-8" />
  <meta name='ocr-system' content='tesseract 3.04.00' />
  <meta name='ocr-capabilities' content='ocr_page ocr_carea ocr_par ocr_line ocrx_word'/>
</head>
<body>
  <div class='ocr_page' id='page_1' title='image "./ccorneliitaciti01lallgoog_0371.png"; bbox 0 0 2000 3684; ppageno 0'>
   <div class='ocr_carea' id='block_1_1' title="bbox 199 311 743 410">
    <p class='ocr_par' dir='ltr' id='par_1_1' title="bbox 199 311 743 410">
     <span class='ocr_line' id='line_1_1' title="bbox 199 311 743 410; baseline 0.009 -28"><span class='ocrx_word' id='word_1_1' title='bbox 199 311 596 386; x_wconf 71' lang='lat' dir='ltr'>Aonrcorr.</span> <span class='ocrx_word' id='word_1_2' title='bbox 675 341 743 410; x_wconf 82' lang='lat'>359</span> 
     </span>
    </p>
   </div>
   <div class='ocr_carea' id='block_1_2' title="bbox 45 432 748 2787">
    <p class='ocr_par' dir='ltr' id='par_1_2' title="bbox 45 432 748 2787">
     <span class='ocr_line' id='line_1_2' title="bbox 55 432 747 518; baseline 0.007 -22"><span class='ocrx_word' id='word_1_3' title='bbox 55 433 157 497; x_wconf 78' lang='lat' dir='ltr'>Atilii</span> <span class='ocrx_word' id='word_1_4' title='bbox 165 433 231 514; x_wconf 83' lang='lat' dir='ltr'>Rufi</span> <span class='ocrx_word' id='word_1_5' title='bbox 241 437 411 508; x_wconf 86' lang='lat' dir='ltr'>consularis,</span> <span class='ocrx_word' id='word_1_6' title='bbox 422 432 450 496; x_wconf 69' lang='grc' dir='ltr'><strong><em>ἃ</em></strong></span> <span class='ocrx_word' id='word_1_7' title='bbox 462 436 610 518; x_wconf 82' lang='lat' dir='ltr'>majoribus</span> <span class='ocrx_word' id='word_1_8' title='bbox 625 458 747 500; x_wconf 80' lang='lat' dir='ltr'>reserva·</span> 
     </span>
     <span class='ocr_line' id='line_1_3' title="bbox 58 515 743 655; baseline 0.006 -79"><span class='ocrx_word' id='word_1_9' title='bbox 58 534 133 576; x_wconf 83' lang='lat' dir='ltr'>tam.</span> <span class='ocrx_word' id='word_1_10' title='bbox 156 515 309 577; x_wconf 83' lang='lat' dir='ltr'>Credidere</span> <span class='ocrx_word' id='word_1_11' title='bbox 319 517 471 655; x_wconf 77' lang='lat' dir='ltr'>plerique,</span> <span class='ocrx_word' id='word_1_12' title='bbox 493 517 624 578; x_wconf 89' lang='lat' dir='ltr'>libertum</span> <span class='ocrx_word' id='word_1_13' title='bbox 643 539 677 579; x_wconf 89' lang='lat' dir='ltr'>ex</span> <span class='ocrx_word' id='word_1_14' title='bbox 695 542 743 580; x_wconf 85' lang='lat' dir='ltr'>se-</span> 
     </span>
     <span class='ocr_line' id='line_1_4' title="bbox 57 597 742 662; baseline 0.006 -6"><span class='ocrx_word' id='word_1_15' title='bbox 57 597 230 657; x_wconf 85' lang='lat' dir='ltr'>crecioribus</span> <span class='ocrx_word' id='word_1_16' title='bbox 247 599 318 656; x_wconf 89' lang='lat' dir='ltr'>mini</span> <span class='ocrx_word' id='word_1_17' title='bbox 342 599 405 656; x_wconf 89' lang='lat' dir='ltr'>eriis</span> <span class='ocrx_word' id='word_1_18' title='bbox 425 599 541 658; x_wconf 87' lang='lat' dir='ltr'>missum</span> <span class='ocrx_word' id='word_1_19' title='bbox 561 599 597 658; x_wconf 85' lang='lat' dir='ltr'>ad</span> <span class='ocrx_word' id='word_1_20' title='bbox 616 599 642 658; x_wconf 87' lang='lat' dir='ltr'>A</span> <span class='ocrx_word' id='word_1_21' title='bbox 664 602 742 662; x_wconf 91' lang='lat' dir='ltr'>rico-</span> 
     </span>
     <span class='ocr_line' id='line_1_5' title="bbox 59 621 744 764; baseline 0.01 -28"><span class='ocrx_word' id='word_1_22' title='bbox 59 678 145 748; x_wconf 90' lang='lat' dir='ltr'>lam,</span> <span class='ocrx_word' id='word_1_23' title='bbox 166 678 332 759; x_wconf 83' lang='lat' dir='ltr'>chicillos,</span> <span class='ocrx_word' id='word_1_24' title='bbox 345 679 446 760; x_wconf 85' lang='lat' dir='ltr'>quibus</span> <span class='ocrx_word' id='word_1_25' title='bbox 463 681 489 738; x_wconf 88' lang='lat' dir='ltr'>ei</span> <span class='ocrx_word' id='word_1_26' title='bbox 505 680 586 764; x_wconf 84' lang='lat' dir='ltr'>Syria</span> <span class='ocrx_word' id='word_1_27' title='bbox 607 621 744 756; x_wconf 60' lang='lat' dir='ltr'>dabatur,</span> 
     </span>
     <span class='ocr_line' id='line_1_6' title="bbox 60 759 745 839; baseline 0.009 -21"><span class='ocrx_word' id='word_1_28' title='bbox 60 759 178 831; x_wconf 86' lang='lat' dir='ltr'>tulisse,</span> <span class='ocrx_word' id='word_1_29' title='bbox 200 781 265 818; x_wconf 90' lang='lat' dir='ltr'>cum</span> <span class='ocrx_word' id='word_1_30' title='bbox 280 778 432 839; x_wconf 67' lang='lat' dir='ltr'>precepto,</span> <span class='ocrx_word' id='word_1_31' title='bbox 450 761 523 822; x_wconf 78' lang='lat' dir='ltr'>ursi</span> <span class='ocrx_word' id='word_1_32' title='bbox 539 763 570 818; x_wconf 86' lang='lat' dir='ltr'>in</span> <span class='ocrx_word' id='word_1_33' title='bbox 593 761 745 824; x_wconf 80' lang='lat' dir='ltr'><em>Britannia</em></span> 
     </span>
     <span class='ocr_line' id='line_1_7' title="bbox 55 841 746 922; baseline 0.012 -24"><span class='ocrx_word' id='word_1_34' title='bbox 55 841 161 922; x_wconf 77' lang='lat' dir='ltr'>ferrer,</span> <span class='ocrx_word' id='word_1_35' title='bbox 189 844 363 900; x_wconf 81' lang='lat' dir='ltr'>traderentur</span> <span class='ocrx_word' id='word_1_36' title='bbox 380 865 390 897; x_wconf 94' lang='grc'>.·</span> <span class='ocrx_word' id='word_1_37' title='bbox 409 861 529 921; x_wconf 88' lang='lat' dir='ltr'>eumque</span> <span class='ocrx_word' id='word_1_38' title='bbox 556 841 687 903; x_wconf 89' lang='lat' dir='ltr'>libertum</span> <span class='ocrx_word' id='word_1_39' title='bbox 714 847 746 906; x_wconf 90' lang='lat' dir='ltr'>in</span> 
     </span>
     <span class='ocr_line' id='line_1_8' title="bbox 65 920 746 1005; baseline 0.009 -25"><span class='ocrx_word' id='word_1_40' title='bbox 65 923 132 1002; x_wconf 88' lang='lat' dir='ltr'>ipso</span> <span class='ocrx_word' id='word_1_41' title='bbox 154 920 227 981; x_wconf 88' lang='lat' dir='ltr'>freto</span> <span class='ocrx_word' id='word_1_42' title='bbox 248 921 360 982; x_wconf 83' lang='lat' dir='ltr'>Oceani</span> <span class='ocrx_word' id='word_1_43' title='bbox 384 920 502 982; x_wconf 86' lang='lat' dir='ltr'>obvium</span> <span class='ocrx_word' id='word_1_44' title='bbox 523 923 664 1005; x_wconf 77' lang='lat' dir='ltr'>Agricolae</span> <span class='ocrx_word' id='word_1_45' title='bbox 676 969 686 996; x_wconf 93' lang='lat'>,</span> <span class='ocrx_word' id='word_1_46' title='bbox 709 947 746 986; x_wconf 83' lang='lat' dir='ltr'>ne</span> 
     </span>
     <span class='ocr_line' id='line_1_9' title="bbox 64 1001 747 1083; baseline 0.006 -21"><span class='ocrx_word' id='word_1_47' title='bbox 64 1003 211 1082; x_wconf 84' lang='lat' dir='ltr'>appellato</span> <span class='ocrx_word' id='word_1_48' title='bbox 230 1003 345 1083; x_wconf 88' lang='lat' dir='ltr'>quidem</span> <span class='ocrx_word' id='word_1_49' title='bbox 365 1024 416 1073; x_wconf 85' lang='lat' dir='ltr'>eo,</span> <span class='ocrx_word' id='word_1_50' title='bbox 431 1001 468 1062; x_wconf 86' lang='lat' dir='ltr'>ad</span> <span class='ocrx_word' id='word_1_51' title='bbox 486 1003 688 1064; x_wconf 86' lang='lat' dir='ltr'>Domitianum</span> <span class='ocrx_word' id='word_1_52' title='bbox 706 1027 747 1066; x_wconf 90' lang='lat' dir='ltr'>re·</span> 
     </span>
     <span class='ocr_line' id='line_1_10' title="bbox 66 1081 746 1155; baseline 0.01 -14"><span class='ocrx_word' id='word_1_53' title='bbox 66 1105 177 1148; x_wconf 81' lang='lat' dir='ltr'>measse</span> <span class='ocrx_word' id='word_1_54' title='bbox 194 1109 200 1145; x_wconf 89' lang='grc'>;</span> <span class='ocrx_word' id='word_1_55' title='bbox 216 1086 274 1143; x_wconf 84' lang='lat' dir='ltr'>sive</span> <span class='ocrx_word' id='word_1_56' title='bbox 289 1105 387 1144; x_wconf 85' lang='lat' dir='ltr'>verum</span> <span class='ocrx_word' id='word_1_57' title='bbox 401 1081 489 1155; x_wconf 82' lang='lat' dir='ltr'>istud,</span> <span class='ocrx_word' id='word_1_58' title='bbox 507 1086 564 1144; x_wconf 89' lang='lat' dir='ltr'>sive</span> <span class='ocrx_word' id='word_1_59' title='bbox 580 1105 613 1144; x_wconf 84' lang='lat' dir='ltr'>ex</span> <span class='ocrx_word' id='word_1_60' title='bbox 629 1088 658 1146; x_wconf 91' lang='lat' dir='ltr'>in</span> <span class='ocrx_word' id='word_1_61' title='bbox 680 1089 746 1148; x_wconf 87' lang='lat' dir='ltr'>enio</span> 
     </span>
     <span class='ocr_line' id='line_1_11' title="bbox 67 1107 747 1246; baseline 0.009 -23"><span class='ocrx_word' id='word_1_62' title='bbox 67 1167 203 1245; x_wconf 88' lang='lat' dir='ltr'>principis</span> <span class='ocrx_word' id='word_1_63' title='bbox 219 1163 317 1224; x_wconf 70' lang='lat' dir='ltr'>ficium</span> <span class='ocrx_word' id='word_1_64' title='bbox 339 1187 372 1224; x_wconf 87' lang='lat' dir='ltr'>ac</span> <span class='ocrx_word' id='word_1_65' title='bbox 393 1167 584 1246; x_wconf 87' lang='lat' dir='ltr'>compositum</span> <span class='ocrx_word' id='word_1_66' title='bbox 604 1107 747 1229; x_wconf 40' lang='lat' dir='ltr'>estala-</span> 
     </span>
     <span class='ocr_line' id='line_1_12' title="bbox 68 1244 747 1329; baseline 0.01 -25"><span class='ocrx_word' id='word_1_67' title='bbox 68 1244 180 1305; x_wconf 84' lang='lat' dir='ltr'>diderat</span> <span class='ocrx_word' id='word_1_68' title='bbox 210 1248 321 1306; x_wconf 86' lang='lat' dir='ltr'>interim</span> <span class='ocrx_word' id='word_1_69' title='bbox 349 1248 486 1329; x_wconf 72' lang='lat' dir='ltr'>Agricola</span> <span class='ocrx_word' id='word_1_70' title='bbox 509 1250 661 1308; x_wconf 81' lang='lat' dir='ltr'>successori</span> <span class='ocrx_word' id='word_1_71' title='bbox 694 1271 747 1311; x_wconf 88' lang='lat' dir='ltr'>suo</span> 
     </span>
     <span class='ocr_line' id='line_1_13' title="bbox 69 1329 746 1409; baseline 0.009 -23"><span class='ocrx_word' id='word_1_72' title='bbox 69 1329 246 1408; x_wconf 82' lang='lat' dir='ltr'>provinciam</span> <span class='ocrx_word' id='word_1_73' title='bbox 266 1329 391 1407; x_wconf 81' lang='lat' dir='ltr'>quietam</span> <span class='ocrx_word' id='word_1_74' title='bbox 410 1348 565 1409; x_wconf 88' lang='lat' dir='ltr'>rutamque.</span> <span class='ocrx_word' id='word_1_75' title='bbox 585 1331 629 1390; x_wconf 85' lang='lat' dir='ltr'>Ac</span> <span class='ocrx_word' id='word_1_76' title='bbox 641 1351 677 1390; x_wconf 89' lang='lat' dir='ltr'>ne</span> <span class='ocrx_word' id='word_1_77' title='bbox 695 1353 746 1392; x_wconf 89' lang='lat' dir='ltr'>no·</span> 
     </span>
     <span class='ocr_line' id='line_1_14' title="bbox 45 1408 747 1496; baseline 0.007 -30"><span class='ocrx_word' id='word_1_78' title='bbox 45 1409 165 1468; x_wconf 65' lang='lat' dir='ltr'>“rabilis</span> <span class='ocrx_word' id='word_1_79' title='bbox 187 1409 394 1470; x_wconf 81' lang='lat' dir='ltr'>celebritate&amp;</span> <span class='ocrx_word' id='word_1_80' title='bbox 416 1408 574 1492; x_wconf 57' lang='lat' dir='ltr'>frequentia</span> <span class='ocrx_word' id='word_1_81' title='bbox 598 1431 747 1496; x_wconf 75' lang='lat' dir='ltr'>qccurren·</span> 
     </span>
     <span class='ocr_line' id='line_1_15' title="bbox 69 1490 748 1562; baseline 0.01 -15"><span class='ocrx_word' id='word_1_82' title='bbox 69 1490 142 1548; x_wconf 89' lang='lat' dir='ltr'>tium</span> <span class='ocrx_word' id='word_1_83' title='bbox 154 1491 284 1548; x_wconf 85' lang='lat' dir='ltr'>introitus</span> <span class='ocrx_word' id='word_1_84' title='bbox 300 1509 390 1562; x_wconf 84' lang='lat' dir='ltr'>esset,</span> <span class='ocrx_word' id='word_1_85' title='bbox 407 1492 498 1550; x_wconf 80' lang='lat' dir='ltr'>vitato</span> <span class='ocrx_word' id='word_1_86' title='bbox 516 1494 672 1551; x_wconf 86' lang='lat' dir='ltr'>amicorum</span> <span class='ocrx_word' id='word_1_87' title='bbox 686 1493 748 1554; x_wconf 87' lang='lat' dir='ltr'>offi-</span> 
     </span>
     <span class='ocr_line' id='line_1_16' title="bbox 70 1570 747 1651; baseline 0.009 -23"><span class='ocrx_word' id='word_1_88' title='bbox 70 1572 134 1642; x_wconf 88' lang='lat' dir='ltr'>cio,</span> <span class='ocrx_word' id='word_1_89' title='bbox 154 1574 242 1630; x_wconf 71' lang='lat' dir='ltr'>noctu</span> <span class='ocrx_word' id='word_1_90' title='bbox 257 1572 288 1630; x_wconf 92' lang='lat' dir='ltr'>in</span> <span class='ocrx_word' id='word_1_91' title='bbox 303 1570 523 1642; x_wconf 65' lang='lat' dir='ltr'>unumunurn</span> <span class='ocrx_word' id='word_1_92' title='bbox 544 1573 573 1630; x_wconf 91' lang='lat' dir='ltr'>in</span> <span class='ocrx_word' id='word_1_93' title='bbox 592 1573 747 1651; x_wconf 80' lang='lat' dir='ltr'>palatium,</span> 
     </span>
     <span class='ocr_line' id='line_1_17' title="bbox 71 1653 745 1734; baseline 0.004 -22"><span class='ocrx_word' id='word_1_94' title='bbox 71 1653 110 1712; x_wconf 81' lang='lat' dir='ltr'>ita</span> <span class='ocrx_word' id='word_1_95' title='bbox 131 1671 162 1711; x_wconf 90' lang='lat' dir='ltr'>ut</span> <span class='ocrx_word' id='word_1_96' title='bbox 182 1671 349 1731; x_wconf 80' lang='lat' dir='ltr'>praeceptum</span> <span class='ocrx_word' id='word_1_97' title='bbox 371 1671 450 1722; x_wconf 87' lang='lat' dir='ltr'>erat,</span> <span class='ocrx_word' id='word_1_98' title='bbox 470 1653 549 1712; x_wconf 85' lang='lat' dir='ltr'>venit</span> <span class='ocrx_word' id='word_1_99' title='bbox 569 1675 575 1712; x_wconf 76' lang='grc' dir='ltr'><strong>ι</strong></span> <span class='ocrx_word' id='word_1_100' title='bbox 598 1673 745 1734; x_wconf 83' lang='lat' dir='ltr'>exceptus·</span> 
     </span>
     <span class='ocr_line' id='line_1_18' title="bbox 70 1733 747 1814; baseline 0.01 -24"><span class='ocrx_word' id='word_1_101' title='bbox 70 1754 125 1814; x_wconf 92' lang='lat' dir='ltr'>que</span> <span class='ocrx_word' id='word_1_102' title='bbox 136 1734 215 1792; x_wconf 89' lang='lat' dir='ltr'>brevi</span> <span class='ocrx_word' id='word_1_103' title='bbox 233 1734 329 1793; x_wconf 89' lang='lat' dir='ltr'>osculo</span> <span class='ocrx_word' id='word_1_104' title='bbox 349 1741 377 1792; x_wconf 76' lang='grc' dir='ltr'>δι</span> <span class='ocrx_word' id='word_1_105' title='bbox 394 1733 473 1792; x_wconf 90' lang='lat' dir='ltr'>nullo</span> <span class='ocrx_word' id='word_1_106' title='bbox 489 1754 638 1804; x_wconf 87' lang='lat' dir='ltr'>sermone,</span> <span class='ocrx_word' id='word_1_107' title='bbox 661 1737 747 1798; x_wconf 79' lang='lat' dir='ltr'>rurbae</span> 
     </span>
     <span class='ocr_line' id='line_1_19' title="bbox 72 1812 748 1891; baseline 0.007 -19"><span class='ocrx_word' id='word_1_108' title='bbox 72 1816 250 1875; x_wconf 84' lang='lat' dir='ltr'>servientium</span> <span class='ocrx_word' id='word_1_109' title='bbox 266 1815 411 1873; x_wconf 84' lang='lat' dir='ltr'>immixtus</span> <span class='ocrx_word' id='word_1_110' title='bbox 427 1813 474 1874; x_wconf 90' lang='lat' dir='ltr'>est.</span> <span class='ocrx_word' id='word_1_111' title='bbox 493 1812 628 1891; x_wconf 74' lang='lat' dir='ltr'>Ceterum</span> <span class='ocrx_word' id='word_1_112' title='bbox 644 1836 674 1875; x_wconf 89' lang='lat' dir='ltr'>ut</span> <span class='ocrx_word' id='word_1_113' title='bbox 690 1820 748 1877; x_wconf 72' lang='lat' dir='ltr'>mi·</span> 
     </span>
     <span class='ocr_line' id='line_1_20' title="bbox 72 1896 746 1979; baseline 0.012 -27"><span class='ocrx_word' id='word_1_114' title='bbox 72 1896 149 1961; x_wconf 81' lang='lat' dir='ltr'>litare</span> <span class='ocrx_word' id='word_1_115' title='bbox 179 1915 305 1966; x_wconf 86' lang='lat' dir='ltr'>nomen,</span> <span class='ocrx_word' id='word_1_116' title='bbox 327 1915 412 1979; x_wconf 83' lang='lat' dir='ltr'>grave</span> <span class='ocrx_word' id='word_1_117' title='bbox 434 1898 505 1954; x_wconf 87' lang='lat' dir='ltr'>inter</span> <span class='ocrx_word' id='word_1_118' title='bbox 533 1898 658 1968; x_wconf 81' lang='lat' dir='ltr'>ociosos,</span> <span class='ocrx_word' id='word_1_119' title='bbox 683 1899 746 1960; x_wconf 88' lang='lat' dir='ltr'>aliis</span> 
     </span>
     <span class='ocr_line' id='line_1_21' title="bbox 71 1977 747 2059; baseline 0.007 -23"><span class='ocrx_word' id='word_1_120' title='bbox 71 1977 219 2036; x_wconf 79' lang='lat' dir='ltr'>virtutibus</span> <span class='ocrx_word' id='word_1_121' title='bbox 240 1995 424 2056; x_wconf 82' lang='lat' dir='ltr'>temperaret,</span> <span class='ocrx_word' id='word_1_122' title='bbox 447 1978 679 2059; x_wconf 83' lang='lat' dir='ltr'>tranquillitatem</span> <span class='ocrx_word' id='word_1_123' title='bbox 701 1999 747 2040; x_wconf 85' lang='lat' dir='ltr'>at·</span> 
     </span>
     <span class='ocr_line' id='line_1_22' title="bbox 72 2059 747 2138; baseline 0.009 -22"><span class='ocrx_word' id='word_1_124' title='bbox 72 2078 127 2138; x_wconf 88' lang='lat' dir='ltr'>que</span> <span class='ocrx_word' id='word_1_125' title='bbox 144 2059 235 2119; x_wconf 90' lang='lat' dir='ltr'>otium</span> <span class='ocrx_word' id='word_1_126' title='bbox 254 2059 363 2138; x_wconf 89' lang='lat' dir='ltr'>penitus</span> <span class='ocrx_word' id='word_1_127' title='bbox 386 2061 480 2136; x_wconf 82' lang='lat' dir='ltr'>auxit,</span> <span class='ocrx_word' id='word_1_128' title='bbox 503 2060 579 2119; x_wconf 89' lang='lat' dir='ltr'>cultu</span> <span class='ocrx_word' id='word_1_129' title='bbox 598 2060 747 2136; x_wconf 85' lang='lat' dir='ltr'>modicus,</span> 
     </span>
     <span class='ocr_line' id='line_1_23' title="bbox 73 2138 747 2210; baseline 0.006 -12"><span class='ocrx_word' id='word_1_130' title='bbox 73 2160 199 2199; x_wconf 86' lang='lat' dir='ltr'>sermone</span> <span class='ocrx_word' id='word_1_131' title='bbox 214 2138 325 2210; x_wconf 83' lang='lat' dir='ltr'>facilis,</span> <span class='ocrx_word' id='word_1_132' title='bbox 342 2162 400 2199; x_wconf 91' lang='lat' dir='ltr'>uno</span> <span class='ocrx_word' id='word_1_133' title='bbox 420 2158 469 2198; x_wconf 89' lang='lat' dir='ltr'>aut</span> <span class='ocrx_word' id='word_1_134' title='bbox 483 2140 571 2198; x_wconf 81' lang='lat' dir='ltr'>altero</span> <span class='ocrx_word' id='word_1_135' title='bbox 590 2145 747 2205; x_wconf 85' lang='lat' dir='ltr'>amicorum</span> 
     </span>
     <span class='ocr_line' id='line_1_24' title="bbox 74 2220 748 2300; baseline 0.009 -22"><span class='ocrx_word' id='word_1_136' title='bbox 74 2222 222 2280; x_wconf 78' lang='lat' dir='ltr'>comitatus</span> <span class='ocrx_word' id='word_1_137' title='bbox 239 2245 246 2278; x_wconf 76' lang='grc' dir='ltr'>ε</span> <span class='ocrx_word' id='word_1_138' title='bbox 265 2220 337 2278; x_wconf 88' lang='lat' dir='ltr'>adeo</span> <span class='ocrx_word' id='word_1_139' title='bbox 358 2239 388 2278; x_wconf 93' lang='lat' dir='ltr'>ut</span> <span class='ocrx_word' id='word_1_140' title='bbox 406 2221 550 2300; x_wconf 84' lang='lat' dir='ltr'>plerique,</span> <span class='ocrx_word' id='word_1_141' title='bbox 567 2223 667 2300; x_wconf 85' lang='lat' dir='ltr'>quibus</span> <span class='ocrx_word' id='word_1_142' title='bbox 687 2245 748 2284; x_wconf 85' lang='lat' dir='ltr'>ma·</span> 
     </span>
     <span class='ocr_line' id='line_1_25' title="bbox 75 2299 746 2384; baseline 0.009 -24"><span class='ocrx_word' id='word_1_143' title='bbox 75 2323 147 2384; x_wconf 84' lang='lat' dir='ltr'>gnos</span> <span class='ocrx_word' id='word_1_144' title='bbox 161 2303 237 2360; x_wconf 82' lang='lat' dir='ltr'>viros</span> <span class='ocrx_word' id='word_1_145' title='bbox 258 2322 307 2380; x_wconf 90' lang='lat' dir='ltr'>per</span> <span class='ocrx_word' id='word_1_146' title='bbox 324 2301 511 2360; x_wconf 86' lang='lat' dir='ltr'>ambitionem</span> <span class='ocrx_word' id='word_1_147' title='bbox 529 2299 662 2362; x_wconf 81' lang='lat' dir='ltr'>aestimnre</span> <span class='ocrx_word' id='word_1_148' title='bbox 682 2325 746 2366; x_wconf 87' lang='lat' dir='ltr'>mos</span> 
     </span>
     <span class='ocr_line' id='line_1_26' title="bbox 75 2381 748 2468; baseline 0.01 -26"><span class='ocrx_word' id='word_1_149' title='bbox 75 2381 128 2455; x_wconf 89' lang='lat' dir='ltr'>est,</span> <span class='ocrx_word' id='word_1_150' title='bbox 145 2384 207 2441; x_wconf 88' lang='lat' dir='ltr'>viso</span> <span class='ocrx_word' id='word_1_151' title='bbox 225 2381 413 2462; x_wconf 72' lang='lat' dir='ltr'>adspecioque</span> <span class='ocrx_word' id='word_1_152' title='bbox 427 2383 581 2464; x_wconf 78' lang='lat' dir='ltr'>Agricola,</span> <span class='ocrx_word' id='word_1_153' title='bbox 596 2405 748 2468; x_wconf 80' lang='lat' dir='ltr'>quaererent</span> 
     </span>
     <span class='ocr_line' id='line_1_27' title="bbox 75 2463 553 2543; baseline 0 -19"><span class='ocrx_word' id='word_1_154' title='bbox 75 2463 198 2534; x_wconf 77' lang='lat' dir='ltr'>famam,</span> <span class='ocrx_word' id='word_1_155' title='bbox 213 2465 295 2542; x_wconf 88' lang='lat' dir='ltr'>pauci</span> <span class='ocrx_word' id='word_1_156' title='bbox 305 2465 553 2543; x_wconf 88' lang='lat' dir='ltr'>interpretarentur.</span> 
     </span>
     <span class='ocr_line' id='line_1_28' title="bbox 114 2541 744 2626; baseline 0.008 -22"><span class='ocrx_word' id='word_1_157' title='bbox 114 2544 192 2604; x_wconf 89' lang='lat' dir='ltr'><strong>XLI.</strong></span> <span class='ocrx_word' id='word_1_158' title='bbox 207 2541 318 2605; x_wconf 71' lang='lat' dir='ltr'>Crebri)</span> <span class='ocrx_word' id='word_1_159' title='bbox 336 2566 384 2625; x_wconf 90' lang='lat' dir='ltr'>per</span> <span class='ocrx_word' id='word_1_160' title='bbox 403 2566 452 2606; x_wconf 84' lang='lat' dir='ltr'>cos</span> <span class='ocrx_word' id='word_1_161' title='bbox 471 2544 531 2607; x_wconf 82' lang='lat' dir='ltr'>dies</span> <span class='ocrx_word' id='word_1_162' title='bbox 547 2545 621 2626; x_wconf 87' lang='lat' dir='ltr'>apud</span> <span class='ocrx_word' id='word_1_163' title='bbox 634 2548 744 2609; x_wconf 77' lang='lat' dir='ltr'>Domi-</span> 
     </span>
     <span class='ocr_line' id='line_1_29' title="bbox 75 2625 747 2698; baseline 0.007 -13"><span class='ocrx_word' id='word_1_164' title='bbox 75 2627 183 2685; x_wconf 85' lang='lat' dir='ltr'>tianum</span> <span class='ocrx_word' id='word_1_165' title='bbox 203 2625 304 2686; x_wconf 84' lang='lat' dir='ltr'>absens</span> <span class='ocrx_word' id='word_1_166' title='bbox 323 2645 492 2698; x_wconf 79' lang='lat' dir='ltr'>aecusatus,</span> <span class='ocrx_word' id='word_1_167' title='bbox 517 2628 616 2687; x_wconf 85' lang='lat' dir='ltr'>absens</span> <span class='ocrx_word' id='word_1_168' title='bbox 636 2629 747 2690; x_wconf 85' lang='lat' dir='ltr'>absolu·</span> 
     </span>
     <span class='ocr_line' id='line_1_30' title="bbox 75 2704 746 2787; baseline 0.006 -20"><span class='ocrx_word' id='word_1_169' title='bbox 75 2726 119 2767; x_wconf 86' lang='lat' dir='ltr'>tus</span> <span class='ocrx_word' id='word_1_170' title='bbox 138 2704 201 2766; x_wconf 83' lang='lat' dir='ltr'>est:</span> <span class='ocrx_word' id='word_1_171' title='bbox 226 2727 310 2767; x_wconf 84' lang='lat' dir='ltr'>causa</span> <span class='ocrx_word' id='word_1_172' title='bbox 325 2708 439 2787; x_wconf 88' lang='lat' dir='ltr'>periculi</span> <span class='ocrx_word' id='word_1_173' title='bbox 457 2729 518 2767; x_wconf 88' lang='lat' dir='ltr'>non</span> <span class='ocrx_word' id='word_1_174' title='bbox 533 2710 638 2768; x_wconf 87' lang='lat' dir='ltr'>crimen</span> <span class='ocrx_word' id='word_1_175' title='bbox 656 2711 746 2771; x_wconf 88' lang='lat' dir='ltr'>ullum</span> 
     </span>
    </p>
   </div>
   <div class='ocr_carea' id='block_1_3' title="bbox 75 2787 746 2872">
    <p class='ocr_par' dir='ltr' id='par_1_3' title="bbox 75 2787 746 2872">
     <span class='ocr_line' id='line_1_31' title="bbox 75 2787 746 2872; baseline 0.01 -24"><span class='ocrx_word' id='word_1_176' title='bbox 75 2809 124 2854; x_wconf 87' lang='lat' dir='ltr'>aut</span> <span class='ocrx_word' id='word_1_177' title='bbox 142 2787 253 2872; x_wconf 82' lang='lat' dir='ltr'>querela</span> <span class='ocrx_word' id='word_1_178' title='bbox 271 2789 331 2851; x_wconf 76' lang='lat' dir='ltr'>lesi</span> <span class='ocrx_word' id='word_1_179' title='bbox 348 2793 533 2871; x_wconf 82' lang='lat' dir='ltr'>cujusquam,</span> <span class='ocrx_word' id='word_1_180' title='bbox 552 2789 600 2851; x_wconf 87' lang='lat' dir='ltr'>sed</span> <span class='ocrx_word' id='word_1_181' title='bbox 620 2791 746 2856; x_wconf 81' lang='lat' dir='ltr'>infensus</span> 
     </span>
    </p>
   </div>
   <div class='ocr_carea' id='block_1_4' title="bbox 0 0 1022 3684">
    <p class='ocr_par' dir='ltr' id='par_1_4' title="bbox 0 0 1022 3684">
     <span class='ocr_line' id='line_1_32' title="bbox 0 0 1022 3684; baseline 0 0"><span class='ocrx_word' id='word_1_182' title='bbox 0 0 1022 3684; x_wconf 95' lang='lat' dir='ltr'> </span> 
     </span>
    </p>
   </div>
  </div>
 </body>
</html>
