2000 3684
202 311 457 390 ANNALIUM
478 319 564 391 Lis.
587 318 672 390 ΧΗ.
738 338 778 414 55

135 435 283 500 XXVIII.
303 439 412 523 Atqui
432 440 536 502 dextris
553 451 581 502 dt
600 441 782 524 propioribus

96 519 277 604 compendiis
289 523 398 593 ierant,
419 522 508 584 obvio
527 521 625 596 hosti,
645 525 782 584 &aciem

97 625 187 672 auso,
209 604 370 684 piusciadis
389 601 505 666 faciunt.
526 606 566 666 Et
582 603 674 687 praedi
689 605 782 667 fami·

93 707 155 768 ‚que
177 683 296 757 onusti,
322 685 359 746 ad
378 707 506 748 montem
525 684 661 748 Taunum
690 709 784 748 rever·

98 786 220 838 uantur,
251 767 301 826 ubi
326 765 502 849 Pomponius
527 789 593 829 cnm
621 769 784 852 legionibus

98 849 318 932 opperiebatur,
332 853 355 911 si
365 851 463 922 Carti,
477 851 609 932 cupidine
618 851 784 926 ulciscendi,

98 953 199 993 casum
233 951 333 1016 pugnae
365 931 526 1014 praeberent.
557 933 721 1005 illimem,
748 953 785 994 ne

101 1012 169 1083 hinc
206 1013 380 1086 Romanus,
420 1013 487 1074 inde
523 1013 691 1084 Cherusci,
720 1035 785 1076 cum

99 1098 166 1179 quis
200 1094 333 1156 aetermim
366 1094 552 1170 discordant,
576 1097 786 1181 circumgrede·

101 1199 221 1248 renem,
246 1178 355 1262 legatos
375 1179 405 1239 in
423 1179 521 1239 urbem
540 1189 569 1241 ec
588 1178 702 1240 obsides
722 1182 783 1239 mi·

101 1282 161 1321 sere
187 1283 193 1318 :
217 1259 396 1344 decrcmsque
419 1261 584 1342 Pomponio
608 1261 692 1322 trium
714 1258 787 1322 halis

102 1339 218 1413 honos,
239 1342 353 1402 modica
371 1363 433 1423 pars
450 1341 540 1403 famae
555 1349 613 1422 ejus
630 1282 712 1424 apud
718 1363 787 1424 pos·

99 1444 197 1495 ceros,
224 1425 254 1483 in
274 1426 337 1506 quis
358 1425 516 1485 carminum
535 1423 628 1508 glorii
645 1425 786 1504 praeceiiit.

104 1549 107 1558 ·
143 1505 259 1568 XXIX.
293 1507 345 1566 Per
378 1506 455 1566 idem
490 1525 601 1586 tempus
628 1505 787 1576 Vannius,

103 1589 204 1650 Suevis
223 1610 239 1646 a
255 1588 349 1648 Druso
374 1588 487 1648 Caesare
508 1588 678 1667 impositus,
701 1585 786 1665 pelli·

104 1689 149 1736 tut
180 1690 272 1752 regno
295 1694 301 1728 z
326 1671 416 1750 prima
437 1669 551 1750 imperii
571 1687 652 1728 artare
676 1667 788 1742 clatus,

103 1771 292 1834 acceptusque
318 1751 525 1832 popularibus3
551 1769 619 1811 mor
643 1750 787 1812 diuturni-

104 1855 163 1896 tate
184 1837 216 1894 in
233 1833 392 1914 superbiam
411 1853 547 1902 mutans,
568 1842 596 1894 dt
616 1832 686 1893 odio
704 1855 791 1893 acco·

104 1919 219 1989 larum,
239 1917 324 1977 simul
342 1914 503 1978 domesticis
516 1915 663 1976 discordiis
673 1918 792 1976 circum

107 2021 217 2061 ventus.
249 2000 386 2059 Audiores
415 1998 491 2058 fuere
522 1998 685 2070 Vibiilius,
714 1997 791 2057 Her-

107 2081 313 2144 mundurorum
335 2101 405 2151 rex,
429 2089 456 2142 dt
481 2081 550 2140 Van
573 2081 603 2139 io
631 2101 664 2154 ac
693 2079 764 2139 Sido
779 2125 801 2151 ,.

107 2187 204 2226 sorore
218 2163 330 2223 Vannii
341 2164 439 2246 geniti.
451 2158 514 2222 Nec
526 2101 665 2222 Ciaudius
673 2207 683 2231 ,
691 2181 792 2241 quam·

108 2269 199 2330 quam
219 2266 289 2325 saepe
303 2264 419 2317 oratus,
438 2261 518 2304 arma
537 2243 707 2302 certantibus
727 2242 793 2302 bat-

110 2331 187 2390 baris
214 2329 403 2406 interposuit,
437 2341 525 2404 tutum
551 2325 671 2383 Vannio
697 2325 795 2402 perfu-

108 2414 187 2492 gium
199 2412 383 2490 promittens,
400 2408 428 2468 si
442 2409 614 2484 pelleretur:
630 2405 794 2488 scripsitque

110 2495 143 2555 P.
170 2493 282 2554 Ateiiio
299 2489 416 2562 Histro,
436 2490 486 2572 qui
504 2485 683 2549 Pannoniam
700 2490 795 2569 praesi-

109 2576 220 2647 debat,
239 2574 390 2656 legionem,
409 2573 520 2650 ipsaque
536 2572 710 2648 eprovineia
727 2571 795 2630 lelio

110 2659 246 2728 maxilia,
264 2675 317 2732 pro
331 2657 392 2730 ripa
402 2671 587 2730 componeret,
599 2652 722 2712 subsidio
733 2653 796 2712 vic-

109 2743 153 2801 tis
164 2788 176 2811 ‚
198 2736 365 2800 &terrorem
384 2740 516 2800 adversus
535 2735 669 2805 viliores,
683 2755 717 2792 ne
726 2734 794 2812 for-

107 2825 183 2885 eund
196 2822 267 2884 elati
274 2867 286 2893 ,
298 2821 413 2902 nostram
425 2839 526 2898 quoque
530 2839 628 2898 pacem
637 2815 774 2907 turbarent
785 2836 796 2872 .·

598 2897 728 2988 (Ζινμ
