2000 3684
178 336 428 410 Annanvn
451 339 536 408 Lrn.
561 339 644 410 XV.
685 364 752 430 233
842 322 846 328 ’

59 459 197 528 ximus,
225 459 331 518 tribuni
362 454 523 518 cohortium
548 461 758 538 praetoriarum,

60 539 223 598 Maximus
251 540 390 610 Scaurus,
416 548 444 598 δι
465 539 593 600 Venetus
612 541 754 613 Paullus,

61 622 261 681 centuriones.
283 619 338 680 Sed
358 641 500 680 summum
518 621 604 680 robur
619 624 650 682 in
667 623 757 682 Fenie

61 699 174 772 Rufo,
204 699 356 781 praefedio,
383 701 549 773 videbatur,
580 723 665 783 quem
697 702 758 764 viti

37 793 40 800 '
62 779 211 862 famique
233 782 399 852 laudatum,
424 803 472 863 pet
493 784 631 844 saevitiam
656 785 755 863 impu·

62 861 262 944 dicitiamque
282 863 440 946 Tigellinus
460 865 608 924 inanimo
626 866 758 945 principis

62 943 225 1014 anteibat,
257 942 453 1027 fatigabatque
484 945 756 1017 criminationibus,

62 1045 102 1084 ac
129 1045 202 1104 saepe
219 1026 248 1082 in
272 1045 380 1086 metum
394 1025 568 1095 adduxerat,
586 1027 760 1107 quasiadul·

62 1125 163 1164 rerum
181 1105 361 1185 Ampiae,
381 1104 408 1166 fl
426 1107 560 1166 desiderio
581 1110 640 1188 ejus
656 1109 760 1168 ultioni

64 1188 222 1246 intentum.
245 1187 335 1270 Igitur
359 1187 409 1248 ubi
427 1188 578 1266 conjuratis
596 1187 758 1268 prefecium

66 1287 192 1348 quoque
226 1269 347 1347 pretorii
372 1269 401 1330 in
435 1288 525 1348 partes
560 1269 757 1342 descendisse,

66 1349 176 1409 crebro
202 1350 286 1428 ipsius
307 1369 434 1410 sermone
454 1349 531 1412 fasta
547 1348 638 1422 fides3
659 1373 758 1431 prom-

65 1429 149 1511 ptiris
170 1435 229 1510 jam
252 1429 287 1490 de
309 1450 435 1511 tempore
458 1453 490 1492 ac
513 1432 578 1492 loco
599 1432 681 1492 credis
698 1436 759 1526 agi·

67 1513 186 1571 tabant.
204 1511 242 1572 Et
258 1514 359 1586 cepisse
375 1515 503 1588 impetum
517 1507 632 1574 Subrius
645 1514 760 1574 Flavius

68 1591 239 1666 ferebatur,
258 1595 288 1652 in
306 1616 387 1654 scena
406 1613 545 1654 canentem
556 1595 693 1654 Neronem
707 1599 759 1653 ad-

66 1675 218 1753 grediendi
229 1696 242 1744 ,·
260 1691 307 1732 aut
324 1697 401 1752 quum
416 1679 525 1734 ardente
542 1678 620 1733 domo
633 1680 684 1747 per‘
695 1698 759 1734 noc·

70 1774 132 1814 tem
150 1754 202 1812 huc
223 1755 288 1813 illuc
302 1774 422 1814 cursaret
434 1756 618 1836 incustoditus.
634 1755 690 1814 Hic
708 1778 758 1814 oe·

66 1837 154 1896 casio
171 1835 348 1906 solitudinis3
372 1836 413 1894 ibi
433 1838 493 1915 ipsa
512 1835 668 1917 frequentia
685 1839 759 1898 tanti

71 1917 191 1977 decoris
214 1914 306 1988 testis,
328 1915 547 1996 pulcherrimum
565 1920 693 1978 animum
713 1941 760 1980 ex·

70 1997 291 2060 ffimulaverant
312 2021 320 2054 s
339 2000 393 2072 nisi
407 2001 581 2078 impunitatis
598 2000 701 2078 cupido
718 2021 760 2060 re·

72 2082 227 2151 tinuisset,
259 2081 372 2162 magnis
398 2101 506 2162 semper
534 2081 682 2144 conatibus
705 2080 759 2142 ad-

72 2182 167 2224 versa.

117 2243 168 2302 LI.
189 2242 306 2302 Interim
326 2241 521 2302 cunctantibus
536 2241 757 2322 prolatantibus-

74 2346 133 2406 que
152 2343 231 2402 spern
253 2343 426 2395 nemetum,
446 2320 594 2403 Epicharis
610 2322 758 2404 quaedtun,

74 2409 219 2465 incertum
237 2425 363 2484 quonam
379 2404 467 2464 rnodo
486 2405 622 2466 sciscitata
642 2409 759 2485 (neque

74 2487 122 2546 ilii
143 2486 210 2544 ante
228 2487 285 2544 uua
304 2504 394 2546 rerum
415 2483 593 2546 honestarum
611 2507 676 2546 etue
695 2486 759 2546 fue·

74 2575 153 2641 rat)
179 2567 351 2638 accendere,
378 2576 406 2627 δι
429 2588 542 2652 arguere
564 2572 724 2645 conjuratos
749 2591 757 2626 r

76 2671 113 2710 ac
134 2646 278 2727 postremi>
303 2647 476 2721 lentitudinis
501 2670 599 2708 eorum
623 2667 758 2727 perraesa,

77 2739 106 2790 δι
127 2731 158 2788 in
177 2729 340 2809 Campania
358 2751 463 2811 agens,
485 2733 618 2808 primores
638 2730 756 2790 classia-

75 2813 186 2872 riorum
206 2811 413 2882 Misenensium
435 2811 619 2885 labefacere,
641 2821 669 2874 δι
691 2833 758 2874 con-
