2000 3684
235 321 485 392 AuuArruM
509 324 595 394 lta.
620 327 705 396 ΧΠ.
771 336 816 418 63

138 445 257 528 vulgata
268 445 445 524 imperatoris
457 443 584 505 Rotnani
598 467 654 506 vox
668 469 676 504 ε
688 465 819 526 utquon·

134 529 202 586 dum
227 525 373 605 Sugambri
396 529 505 596 excisi,
524 523 551 588 b
569 530 600 586 in
623 528 737 588 Gallias
757 550 818 590 tra-

128 609 200 688 jeai
219 608 347 686 forent,
374 609 415 667 itu
439 607 564 667 Silurum
591 631 686 670 nomen
706 614 820 686 penitus

134 691 362 770 exstinguendum.
392 689 481 771 Igitur
510 689 579 750 duas
601 693 748 752 auxiliares
766 715 819 752 co·

135 767 263 841 horres,
298 769 415 832 avaritib
451 770 647 851 praefedorum
680 774 822 836 iricautitis

134 852 302 933 populantes
329 897 338 922 ‚
373 853 541 933 intercepere
574 877 581 910 :
609 855 755 936 spoliaque
789 866 820 916 δι

137 935 266 1013 captivos
295 933 337 992 lar
359 933 465 1005 iendo,
493 955 597 994 ceteras
624 957 738 1016 quoque
766 960 820 996 na-

135 1015 268 1076 nationes
283 1013 319 1074 ad
337 954 527 1076 icfeetionem
545 1011 694 1077 trahebant
707 1040 714 1074 ε
729 1038 819 1100 quum

137 1096 224 1156 taedio
245 1118 373 1158 curarum
394 1095 475 1158 fellus
500 1096 653 1168 Ostorius,
682 1102 822 1160 concessit

136 1176 227 1250 vit⁶23
260 1178 329 1238 laetis
360 1176 509 1252 hostibus,
541 1199 689 1260 tamquam
717 1181 820 1241 ducem

136 1256 216 1319 haud
233 1260 441 1339 spernendum,
461 1263 512 1320 ersi
530 1283 591 1322 non
615 1263 768 1342 proelium,
790 1283 822 1324 at

137 1341 212 1402 certb
234 1342 364 1410 bellum,
387 1344 593 1422 absumpsisset.

178 1423 243 1484 XL.
263 1424 303 1483 At
324 1423 437 1496 Cesar,
462 1427 578 1506 cognita
597 1444 688 1484 morte
710 1425 820 1508 legati,

134 1525 174 1566 ne
204 1505 350 1586 provincia
373 1507 431 1567 sine
450 1509 558 1566 teolore
580 1504 671 1577 foret,
695 1508 731 1566 A.
756 1507 817 1565 Di-

136 1586 220 1646 dium
247 1583 365 1648 suffecit.
385 1587 412 1648 Is
428 1587 544 1669 properl
565 1589 684 1656 vecors,
701 1608 761 1646 non
779 1607 820 1650 ta·

135 1690 207 1728 rnen
232 1671 355 1752 integras
380 1690 422 1730 res
446 1670 576 1740 invenit,
601 1666 717 1728 advers&
741 1669 817 1728 inte·

134 1753 193 1810 rim
224 1751 345 1833 legionis
373 1748 491 1834 pugnb,
516 1752 561 1810 cui
582 1749 690 1810 Mallus
710 1749 820 1814 Valens

135 1852 254 1913 praerat
271 1855 279 1890 r
295 1836 431 1913 auelaque
448 1841 475 1892 &
498 1831 573 1912 apud
590 1827 682 1892 hostes
699 1838 757 1912 ejus
777 1835 820 1893 rei

88 1979 90 1982 ,
117 1991 119 1996 Ι
138 1913 244 1984 fama,
265 1913 323 1995 qub
341 1917 502 1974 venientem
517 1914 617 1974 ducem
636 1934 818 1986 exterrerent3

135 2016 225 2078 atque
245 1997 297 2056 illo
314 2015 434 2078 augente
455 1995 574 2067 audita,
597 2015 628 2055 ut
648 2001 740 2074 major
757 1997 819 2057 laus

137 2080 324 2160 compositis,
344 2075 389 2138 vel
408 2081 431 2138 si
451 2078 643 2146 duravissent,
661 2080 744 2138 venia
760 2082 819 2155 jus-

135 2162 194 2220 tior
217 2161 389 2222 tribueretur.
418 2160 522 2219 Silures
545 2159 575 2221 id
597 2179 712 2238 quoque
735 2159 820 2218 dam-

127 2263 209 2308 ynum
242 2243 421 2311 intulerant,
456 2241 569 2320 latbque
600 2240 818 2319 persultabant,

135 2324 232 2384 donec
256 2345 371 2384 accursu
389 2321 471 2381 Didii
489 2321 662 2401 pellerentur.
683 2319 738 2380 Sed
756 2320 820 2400 poll

134 2426 254 2486 captum
289 2405 499 2474 Catablacnm,
531 2404 683 2484 praecipuus
702 2403 819 2464 scientia

134 2491 180 2549 tei
201 2488 330 2548 militatis
353 2486 515 2555 Venusius,
535 2506 551 2543 e
571 2486 606 2546 Ju
628 2505 728 2544 antum
747 2487 820 2545 civi-

133 2589 218 2642 tate,
245 2587 275 2628 ut
297 2567 379 2650 suprl
402 2568 579 2637 memoravi,
601 2506 726 2648 fissdusque
749 2567 818 2639 diu,

133 2662 164 2714 δι
191 2652 332 2711 Romanis
351 2652 436 2712 armis
462 2647 611 2720 defensus,
630 2670 719 2730 quum
742 2649 820 2712 Car-

132 2732 333 2794 tismanduam
351 2755 378 2791 re
401 2735 480 2792 inam
494 2732 679 2792 matrimonio
691 2751 818 2802 teneret,

134 2837 209 2877 mox
228 2835 291 2876 orto
308 2755 426 2882 discffliro
437 2859 447 2886 ,
458 2822 486 2874 δι
503 2812 599 2876 statim
615 2813 712 2888 bello,
730 2816 819 2894 uuor
