2000 3684
125 305 611 382 AuuArrrirtLru.X1'V.
649 321 731 402 191'

44 435 178 494 socianda
205 435 303 492 classis
331 449 504 508 corruptum,
529 439 558 492 ot
587 434 721 496 incusant

45 514 138 594 paullo
150 515 219 573 ante
223 513 383 596 sterilitatis
398 514 504 574 oblitus
511 559 524 585 ,
533 514 641 575 ubam
648 537 719 590 par·

46 614 88 654 cuc
106 596 274 656 conscientie
295 595 461 666 libidinum,
481 615 562 672 caque
580 597 636 656 sibi
649 619 719 656 com·

42 679 136 752 perta,
154 676 248 737 edieto
268 697 426 738 memorat:
446 675 593 760 insuliquc
607 677 721 740 Panda·

47 757 113 818 carii
128 759 284 819 Octaviam
300 757 413 820 claudit.
430 758 569 836 Nonssalia
583 759 659 818 usui
670 761 734 820 vi·'

46 843 164 900 sentium
186 841 284 900 oculos
304 847 410 900 ma'ore
428 837 619 901 misericordii
641 840 723 902 adfe-

48 924 91 980 cit.
105 923 300 982 Meminerant
311 863 403 982 adine
414 921 532 1003 quidam
541 921 723 1005 Agrippinae,

48 1025 69 1062 a·
82 1002 225 1074 Tiberio;
246 1005 383 1062 recentior
402 1003 482 1064 Juliae
505 1005 642 1062 memoria
662 1004 722 1062 ob·

48 1084 222 1156 versabatur,
243 1107 260 1144 a
280 1084 406 1146 Claudio
423 1083 516 1164 pulsae.
536 1084 591 1144 Sed
609 1084 666 1144 illis
678 1105 725 1144 ro-

49 1165 98 1225 bur
113 1169 202 1228 aetatis
219 1165 347 1226 adfuerat
363 1191 369 1224 :
385 1167 447 1226 laeta
463 1167 560 1248 aliqua
578 1166 724 1238 viderant,

49 1255 252 1328 &praesentem
268 1250 413 1326 saevitiam·
425 1248 550 1308 melioris
567 1249 639 1307 olim
657 1246 723 1308 for-

51 1347 119 1390 tune
142 1329 338 1390 recordatione
364 1328 531 1390 allevabunt
562 1329 640 1388 Huic
665 1332 725 1410 pri·

51 1430 109 1470 mus
121 1413 285 1493 nuptiarum
303 1410 362 1471 dies
381 1412 446 1472 loco
462 1409 567 1470 funeris
579 1409 652 1481 fuit,
668 1410 723 1469 dc·

53 1491 136 1553 duuae
147 1495 177 1553 in
189 1492 330 1564 domum,
350 1493 380 1552 in
393 1513 449 1574 qua
461 1489 535 1552 nihil
544 1491 597 1550 nisi
607 1492 723 1552 lucino·

51 1595 109 1634 rum
131 1573 267 1646 haberet,
286 1592 381 1654 erepto
400 1593 447 1654 per
466 1592 607 1633 venenum
623 1590 704 1672 fatre
714 1617 726 1644 ,

53 1663 78 1716 δι
93 1654 186 1716 statim
201 1656 284 1717 fratre
302 1679 309 1713 t
325 1672 387 1714 tum
404 1654 506 1713 ancilla
521 1652 639 1712 domina
652 1653 730 1714 vali·

54 1735 111 1796 dior
136 1761 144 1796 c
172 1748 201 1799 δι
227 1737 347 1819 Poppaea
368 1757 428 1794 non
449 1735 504 1794 nisi
524 1734 555 1794 in
575 1735 726 1815 pernicicm

53 1821 139 1879 uxoris
155 1839 245 1900 nupta
261 1842 269 1877 ι
287 1814 429 1900 postremo
447 1818 553 1878 crimen
570 1817 652 1876 omni
670 1818 728 1878 exi-

53 1901 90 1960 tio
143 1923 234 1962 avrus.

91 1921 202 2043 Liilv.
220 1984 264 2043 Ac
282 1982 391 2062 puella,
407 1982 542 2042 vicesimo
561 1980 648 2040 aetatu
668 2001 725 2041 an-

56 2085 108 2136 no,
126 2066 201 2126 inter
221 2066 434 2124 centuriones&
449 2064 574 2133 milites,
588 2063 729 2144 praesagio

57 2146 194 2206 malorum
216 2151 275 2225 jam
292 2144 351 2205 viti.
371 2164 517 2224 exempta,
536 2142 665 2202 nondum
682 2160 728 2202 ta-

57 2245 118 2288 men
146 2246 240 2288 morte
268 2224 474 2308 adquiescebat.
499 2225 601 2284 Paucis
624 2219 729 2282 dehinc

56 2309 203 2389 interjestis
234 2307 351 2379 diebus,
380 2308 453 2366 mori
475 2305 586 2384 jubetur
609 2325 616 2360 r
638 2323 730 2443 w

58 2393 112 2468 jam
126 2395 243 2452 viditam
260 2413 311 2460 se,
326 2387 353 2450 θ
366 2405 472 2453 tautum
480 2407 598 2446 sororem
612 2403 639 2444 te
711 2417 728 2432 ·

58 2489 114 2543 tur,
134 2491 355 2552 communesque
374 2469 566 2538 Germanicos,
584 2476 610 2526 δι
629 2464 731 2546 postre-

62 2549 106 2612 mi)
124 2554 287 2635 Agrippino
309 2571 414 2610 nomen
437 2551 537 2619 cieret,
557 2550 609 2624 quei
629 2548 730 2606 incolu-

61 2637 115 2704 mi,
132 2635 234 2714 infelix
253 2635 357 2711 quidem
372 2631 592 2698 nmtrimonium,
609 2631 659 2686 sed
669 2630 731 2690 sinc

61 2717 142 2774 exitio
155 2717 327 2792 perculisset.
340 2708 667 2794 Restringiturvinculis‚
682 2729 731 2768 ve-

64 2817 156 2880 neque
176 2802 236 2878 ejus
256 2817 303 2878 per
322 2815 420 2856 omnes
437 2812 511 2856 arcus
527 2790 731 2851 exsolvuntur:
