2000 3684
162 320 410 394 Auurrron
433 322 517 391 Lrn.
542 320 645 392 Μ.
680 324 746 411 263

66 445 115 506 ait
137 447 187 503 sed
207 465 261 502 non
280 445 436 519 perntr'rrcre
457 445 611 518 percussori
632 443 757 522 gloriam

6 535 7 540 ’
68 525 225 607 ministerii.
241 525 282 584 At
293 526 435 596 centurio,
453 526 582 607 quamvis
593 523 729 584 inermem
738 567 752 596 ,

68 605 257 689 praevalidum
284 624 399 676 tamen,
426 613 454 666 δι
481 606 527 665 irae
545 604 630 687 qu'am
654 607 755 668 timori

6 699 10 762 ζ
94 689 237 768 topiorem
259 706 396 758 cernens,
416 688 506 767 premi
524 709 541 747 a
559 686 695 747 militibus
712 693 755 768 ju-

70 709 135 828 bet.
152 769 214 828 Nec
232 770 330 828 omisit
351 767 463 828 Silanus
482 768 598 839 obniti,
615 775 643 827 δι
660 770 754 829 inten-

6 861 8 922 ζ
72 849 144 910 dere
159 852 249 920 iiius,
268 867 405 932 quantum
428 849 559 909 manibus
576 847 659 908 nudis
675 850 755 911 vale·

6 943 9 1008 f
74 932 149 1002 bat,
179 929 269 990 donec
294 953 311 990 a
336 932 497 990 centurione
519 930 680 990 vulneribus
702 929 755 992 ad·

6 1025 12 1088 ζ
70 1014 182 1082 versis,
201 1031 348 1093 tamquam
364 1013 525 1094 inpugna,
545 1011 664 1070 caderet.
770 1007 773 1014 ’

6 1105 12 1170 ’ᾗ
118 1092 157 1152 X.
186 1093 273 1152 Haud
295 1090 387 1152 minos
417 1093 545 1172 prompte
577 1093 611 1152 L.
640 1093 730 1152 Vetus
742 1136 755 1164 ,

6 1171 11 1197 ““
71 1180 228 1256 socrusque
256 1179 314 1253 ejus
337 1173 453 1245 Sextia,
479 1183 507 1235 &
533 1175 654 1233 Pollutia
677 1171 754 1245 filia,

6 1273 15 1337 Ἰ
73 1277 179 1317 necem
198 1255 326 1314 subiere:
350 1256 433 1314 invisi
450 1257 587 1334 principi,
608 1275 755 1338 tamquam

74 1336 226 1407 vivendo,
258 1336 455 1414 exprobrarent
488 1336 666 1396 interfestum
698 1357 757 1397 esse

8 1428 14 1494 ζ’
74 1417 246 1478 Rubellium
264 1417 416 1487 Plautum,
439 1437 572 1499 generum
593 1419 675 1478 Lucii
693 1419 757 1477 Ve-

75 1502 155 1560 teris.
172 1498 228 1560 Sed
246 1499 358 1558 initium
377 1497 540 1581 detegendae
558 1501 670 1558 serviti:
688 1501 758 1578 prae'-
829 1509 833 1513 '

6 1635 16 1656 „
76 1580 162 1651 buit,
172 1581 326 1640 interversis
336 1581 447 1659 patroni
457 1581 555 1650 rebus,
571 1579 608 1639 ad
619 1600 759 1639 accusan-

76 1661 152 1722 dum
184 1659 387 1743 transgrediens
417 1660 585 1720 Fortunatus
612 1661 759 1733 libertus,

76 1743 191 1804 adscito
209 1741 334 1802 Claudio
348 1741 511 1812 Demiano,
528 1763 635 1822 quem,
653 1742 692 1800 ob
709 1745 760 1802 fla·

6 1821 7 1852 ³
29 1828 31 1832 ’
78 1827 154 1910 gitia
173 1825 300 1885 vinctum
317 1845 334 1884 a
353 1825 472 1894 Vetere,
486 1823 561 1884 Asiae
576 1824 759 1904 proconsule,

13 1915 17 1928 '
77 1905 205 1966 exsolvit
225 1906 326 1976 Nero,
351 1907 381 1964 in
401 1907 547 1984 praemium
565 1907 759 1966 accusationis.

76 1986 174 2066 Quod
197 1987 247 2046 ubi
270 1988 417 2069 cognitum
440 2008 510 2058 reo,
527 2007 611 2069 seque
628 1997 656 2048 &
673 1987 760 2046 liber·

8 2088 19 2145 ᾗ
79 2089 146 2130 tum
173 2071 234 2149 pari
256 2087 328 2128 sorte
356 2070 511 2148 componi,
535 2069 701 2129 Formianos
730 2069 762 2129 in

11 2167 18 2226 ζ
79 2171 170 2236 agros
191 2149 352 2233 digreditur.
370 2149 513 2210 illituum
531 2150 633 2208 milites
650 2147 763 2209 occulta

9 2227 18 2258 ²'
79 2229 213 2294 custodii
239 2230 421 2292 circumdant.
451 2229 558 2290 Aderat
580 2228 660 2301 filia,
682 2249 762 2310 supet

10 2331 14 2339 '
81 2316 220 2399 ingruens
241 2312 415 2392 periculum,
439 2312 530 2393 longo
547 2311 645 2370 dolore
663 2331 762 2384 atrox,

13 2399 21 2470 ζ
83 2416 118 2456 ex
138 2415 201 2478 quo
216 2415 385 2474 percussores
403 2395 497 2454 Plauti
517 2393 611 2452 mariti
629 2395 671 2453 sui
686 2393 764 2454 vide-

11 2485 21 2558 ᾗ
84 2496 128 2538 tat
149 2501 157 2536 ε
181 2494 378 2556 cruentamque
393 2477 529 2535 cervicem
544 2479 602 2553 ejus
617 2477 763 2556 amplexa,

10 2564 22 2636 s
84 2558 219 2620 servabat
235 2559 427 2640 sanguinem,
451 2565 478 2617 δι
504 2555 590 2616 vestes
609 2577 763 2636 respersas3

12 2656 24 2723 ’,η
83 2641 198 2720 vidua,
218 2637 340 2717 implexa
357 2640 434 2699 runt
451 2639 608 2709 continuo,
631 2659 683 2697 nec
701 2639 766 2698 ullis

11 2733 21 2800 s
85 2721 251 2790 alimentis,
280 2720 360 2791 nisi,
392 2739 454 2802 quae
483 2739 603 2778 mortem
632 2739 765 2781 arcerent.

12 2802 26 2890 g(
84 2801 192 2873 Tum,
220 2797 350 2865 hortante
371 2819 470 2886 patre,
491 2801 646 2884 NffiP⁰li¹¹¹
666 2804 770 2888 Pergit·
