2000 3684
190 315 443 404 Garun
473 346 621 401 nra,
684 357 752 422 309

73 477 153 526 non,
167 474 199 514 ut
211 473 321 524 cetera,
341 455 482 513 maximus
494 471 585 526 natu,
604 451 651 516 sed
670 473 755 538 prout

75 538 157 599 fetor
177 536 256 595 beIIo
273 545 301 596 &
322 534 430 595 melior.

119 616 261 678 XXXIII.
276 618 361 678 Juxta
375 615 531 675 Teneieros
547 615 668 678 Brusteri
682 616 755 682 olim

79 698 264 760 occurrebant
287 721 294 755 ε
319 719 392 757 nunc
418 694 632 758 Chamavos&
654 697 757 780 Angri-

80 783 175 848 varios
192 780 367 861 immigrasse
385 798 526 849 narratur,
543 779 628 860 pulsis
644 779 758 840 Brutte-

77 865 120 922 ris
141 882 173 920 ac
193 861 301 942 penitus
319 861 436 931 excisis,
452 861 609 919 vicinarum
624 881 760 938 consensu

83 944 256 1011 nationum,
271 961 319 1000 seu
342 939 475 1020 supethae
493 941 582 1012 odio,
599 961 646 1001 seu
664 941 760 1021 ptaedoe

86 1022 255 1095 dulcedine,
281 1042 330 1090 seu
348 1021 447 1081 'favore
469 1021 594 1105 'quodam
617 1042 682 1106 erga
708 1043 763 1084 nos

85 1104 206 1164 deorum
219 1127 226 1159 a
241 1123 309 1162 nam
326 1124 361 1162 ne
373 1103 530 1182 speciaculo
547 1102 661 1186 quidem
683 1125 761 1184 proe-

88 1187 124 1246 lii
142 1183 267 1246 inridere
292 1204 399 1264 :supet
419 1205 467 1242 tx
490 1185 580 1246 millia
599 1205 658 1244 non
678 1187 764 1248 annis
826 1249 831 1260 ,

88 1266 209 1346 telisque
232 1265 393 1335 Romanis,
413 1265 459 1326 sed
479 1265 557 1346 quod
582 1263 765 1349 magnificen-

92 1348 151 1406 tius
167 1346 225 1418 est,
242 1346 426 1406 obiestationi
439 1347 582 1427 oculisque
599 1347 766 1414 ceciderunt.

91 1429 215 1491 Maneat
251 1449 342 1498 uaeso,
356 1426 489 1518 duretque
507 1427 653 1510 genubus,
669 1430 691 1490 si
707 1450 767 1500 non

92 1531 178 1571 amor
197 1531 236 1569 no
273 1511 300 1579 ',
320 1528 349 1567 at
366 1509 439 1566 certe
456 1509 555 1568 odIum
573 1511 615 1568 sui
632 1510 769 1590 :quando

93 1591 259 1674 urgentibus
269 1591 379 1670 Imperii
396 1588 478 1660 fatis,
491 1587 565 1649 nihil
576 1595 635 1666 jam
647 1588 770 1670 praestate

90 1669 211 1732 fortuna
230 1677 321 1751 majus
339 1668 448 1764 potest,
468 1667 555 1758 quim
576 1667 698 1744 hostium
715 1671 773 1734 dis.-

96 1754 236 1825 cordiam.

143 1833 313 1896 XXXIV.
328 1833 511 1918 Angrivarios
529 1842 556 1894 &
573 1831 740 1899 Chamavos
757 1857 776 1906 a

102 1936 185 2000 tergo
208 1915 377 2000 Dulgibini‚
409 1925 437 1976 &
469 1913 609 1982 Chasuari
639 1916 776 1990 cludunt,

104 1998 223 2079 aliaque
251 2016 347 2080 gentes
372 1994 448 2057 haud
473 1997 586 2077 perinde
607 2017 779 2072 memorata,

106 2079 136 2140 Α
152 2077 244 2139 fronte
264 2079 343 2138 Frisii
358 2080 507 2158 excipiunt.
519 2079 676 2159 Majoribus
690 2081 781 2140 mino·

107 2159 234 2238 tribusque
251 2160 355 2220 Frisiis
371 2159 543 2219 vocabulum
563 2158 623 2240 est!
642 2181 674 2218 ex
693 2159 782 2236 modu

106 2243 212 2303 virium
233 2261 377 2322 :utraeque
394 2242 522 2300 nationes
537 2261 624 2326 usque
639 2241 675 2300 ad
693 2241 786 2302 Ocea-

112 2342 184 2384 num
197 2320 300 2382 Rheno
315 2325 514 2402 praetexuntut,
527 2323 710 2403 ambiuntque
725 2324 785 2381 im-

115 2426 229 2480 mensus
247 2407 356 2484 insuper
375 2404 466 2473 lacus,
486 2411 522 2472 ὃς,
534 2403 671 2464 Romanus
695 2403 790 2464 classi·

107 2486 170 2546 ‘bus
187 2488 342 2569 navigates.
363 2485 457 2565 ipsum
472 2485 627 2566 quinetiam
641 2485 792 2560 Oceanum

117 2565 169 2628 illi
190 2570 381 2628 tentavimus:
401 2575 584 2646 &superesse
604 2565 695 2627 adhuc
717 2567 794 2626 Her-

121 2650 192 2710 cuIIs
212 2650 356 2725 columnas
378 2647 454 2707 fama
472 2648 600 2730 vulgavit
623 2651 703 2707 :sive
724 2647 794 2710 adiit

122 2731 279 2801 Hercules,
302 2751 351 2789 seu
367 2728 505 2810 quidquid
526 2729 629 2811 ubique
656 2728 794 2812 magnifi-

125 2835 192 2880 eum
213 2809 270 2883 est,
291 2813 324 2875 in
348 2811 502 2872 claritatem
528 2815 585 2889 ejus
606 2806 705 2871 referre
731 2831 798 2872 con·
