2000 3684
181 282 433 354 Arruntium
457 285 543 355 Lrn.
567 283 672 354 XIII.
722 309 788 376 127

103 403 240 488 posterum
254 405 403 467 adhiberet.
424 407 563 468 Statuitur
579 427 645 466 nox.
663 404 703 465 Et
715 405 791 467 Pon·

108 490 150 548 tia
180 489 299 549 conscire
332 488 440 548 anciila
474 486 630 549 cmiodiam
666 486 789 548 cubiculi

108 568 239 636 mandat.
250 569 321 660 ille,
332 591 466 630 unocum
475 570 592 640 liberto,
603 569 705 628 ferrum
714 565 790 628 veste

110 651 257 710 occultum
270 648 364 712 infert
376 651 454 712 Turn
463 697 476 722 ,
488 672 520 710 ut
529 651 637 713 adsolet
649 651 679 710 in
693 671 790 710 amone

108 741 138 792 δι
164 729 233 802 im,
266 733 388 814 jurgia,
418 753 511 813 preces
534 777 544 804 ,
580 732 790 811 exprobratio,

107 812 287 883 satisfactio,
314 821 343 874 &
373 833 436 893 pars
464 813 640 874 tenebrarum
672 811 791 874 libidine

106 895 242 974 seposita.
270 893 310 954 Et
335 892 434 975 questu
455 895 605 966 incensus,
629 891 703 954 nihil
723 915 788 954 me-

108 994 238 1036 tuentem
258 972 332 1035 ferro
348 976 550 1036 nansverberar
563 985 623 1047 ,tc
643 995 790 1034 accurren-

108 1075 173 1117 tem
191 1053 307 1116 ncillam
326 1057 440 1116 vulnere
464 1053 622 1127 absterret,
645 1055 792 1116 cubiculo·

131 1160 167 1198 ue
191 1140 357 1218 prorumpit.
378 1135 493 1200 Postera
510 1138 558 1198 die
574 1135 723 1200 manifesta
742 1159 791 1200 cte·

107 1159 183 1290 ies,
207 1216 288 1280 haud
312 1220 464 1302 ambiguus
488 1241 660 1301 percussor:
707 1221 791 1302 uippe

105 1303 275 1374 mansitasse
295 1299 352 1361 uni
375 1303 601 1362 convincebatur.
624 1301 680 1363 Sed
711 1302 788 1360 'ber-

109 1402 155 1444 tus
167 1405 247 1442 suum
264 1383 337 1442 illud
344 1383 459 1461 facim
477 1381 620 1464 profiteri,
636 1406 666 1443 se
677 1379 804 1461 patruiti'
873 1405 875 1410 ·

108 1466 231 1546 injurias
245 1465 332 1523 ultum
344 1488 413 1525 esse.
427 1464 690 1546 Commoveratque
702 1485 792 1546 quot·

107 1547 178 1607 dnm
195 1546 392 1630 magnitudine
406 1548 529 1627 exempli
541 1545 790 1617 connectamur,

105 1650 144 1704 ex
161 1629 280 1690 vulnere
295 1627 420 1700 refecta,
440 1649 539 1689 verunt
561 1629 669 1708 aperuit
688 1649 695 1683 :
720 1645 790 1707 pos-

112 1712 275 1791 tulatusque
292 1711 368 1792 apud
388 1711 549 1770 consulein
570 1727 646 1789 patre
666 1705 793 1768 interito

109 1812 170 1864 tae,
193 1790 342 1873 postquam
362 1793 510 1852 tribunatu
529 1792 655 1861 abierut,
681 1811 792 1850 senten·
848 1847 851 1858 ,

107 1874 153 1939 ‚tib
174 1894 306 1954 patrum,
328 1885 356 1935 tc
377 1876 441 1958 ie'ge
466 1873 501 1934 de
523 1875 629 1934 simiis
655 1869 792 1934 condem·

106 1977 201 2018 natur.

152 2038 249 2097 XLV.
274 2038 346 2097 Non
363 2035 457 2103 mimis
475 2038 610 2119 insignis,
634 2057 669 2095 eo
691 2057 791 2108 anno,

107 2118 311 2199 impudicitia,
333 2139 502 2200 magnorum
524 2119 631 2197 reipub.
652 2118 793 2177 malorum

108 2203 228 2262 mitium
241 2199 318 2260 fecit.
339 2201 409 2260 Erat
421 2203 452 2260 in
468 2200 581 2260 civitate
593 2199 699 2258 Sabina
711 2199 792 2278 Pop-

109 2304 189 2364 paea,
211 2283 249 2340 T.
273 2281 356 2341 Oiiio
378 2300 455 2361 patre
476 2283 590 2364 genita,
617 2278 665 2338 sed
687 2299 794 2340 nomen

110 2366 304 2424 auimatemi
333 2381 506 2443 sumpserat,
531 2357 640 2422 inlustri
659 2359 797 2420 memorii

110 2447 231 2525 Poppaei
258 2446 381 2515 Sabini,
416 2443 557 2505 consulari
582 2451 610 2502 &
634 2439 797 2523 triumphali

112 2528 221 2589 decore
233 2525 424 2608 praefirlgentis
441 2551 450 2584 z
465 2545 535 2586 nam
551 2523 684 2592 Ollium,
702 2519 797 2582 hono-

111 2610 192 2670 ribus
222 2609 352 2668 nondum
374 2606 525 2676 funerum,
550 2606 676 2666 amicitia
702 2605 797 2683 Sejani

114 2691 260 2771 pervertit.
278 2690 356 2748 Huic
378 2690 488 2748 mulieri
506 2691 605 2748 consta
621 2687 677 2746 alia
698 2681 795 2754 fuere,

112 2763 382 2852 praeter'honestum
406 2771 536 2834 animum
555 2791 562 2827 t
582 2769 691 2908 quippe⁸
710 2785 798 2830 mater

683 2868 712 2910 ιν
