2000 3684
188 340 437 412 Annarwn
461 342 547 410 Lm.
571 341 675 412 XVI.
702 365 767 431 271

124 479 201 520 estus
214 461 361 520 Petronius
376 461 435 520 illic
453 461 630 522 attinebatur.
648 462 712 522 Nee
726 481 774 522 tu·

82 480 219 604 iiiultri
244 543 354 602 timoris
380 560 430 602 aut
454 543 513 623 spei
541 564 634 604 moras
651 566 660 600 c
680 563 773 625 neque

85 643 192 684 tamen
217 643 322 702 paeceps
342 625 431 682 vitam
452 624 583 702 expulit,
603 624 652 684 sod
670 626 774 686 incisas

84 724 200 776 venas,
216 722 247 764 ut
262 705 395 776 libitum,
411 704 575 787 obligatas,
596 707 699 785 aperire
715 727 774 766 rur·

4 853 5 856 Ἴ
83 807 177 858 oum,
199 795 226 845 δι
240 785 357 866 'alloqui
381 788 511 857 amicos,
530 807 590 846 non
615 806 663 866 pet
682 790 775 859 sena,

83 887 142 928 aut
156 866 259 949 quibus
279 867 438 928 constantia
452 868 575 949 gloriam
587 885 700 946 peteret
716 869 776 928 Au·

90 948 250 1028 diebatque
272 943 440 1019 referentes,
463 945 536 1008 nibil
562 948 598 1008 de
626 950 776 1030 immorta-

86 1031 173 1091 litate
194 1031 313 1101 anirnae,
336 1031 552 1109 &sapientium
576 1031 707 1109 placitis,
725 1030 775 1091 sed

42 1123 46 1131 '
67 1127 70 1134 ’
87 1113 168 1174 levia
193 1113 339 1182 carmina,
362 1121 390 1174 δε
416 1111 515 1172 faciles
534 1131 655 1172 versus:
680 1131 777 1172 servo·

50 1249 53 1254 .
88 1213 156 1255 tum
176 1193 247 1254 alios
266 1193 438 1276 largitione,
458 1193 597 1274 quosdam
614 1193 776 1254 verberibus

88 1273 203 1336 adfecit
222 1298 229 1331 :
248 1276 312 1334 iniit
327 1283 354 1336 δι
370 1275 448 1345 vias,
469 1295 572 1336 somno
592 1274 725 1345 indulsit,
744 1295 776 1335 ut

89 1377 184 1439 quam
206 1377 272 1415 uam
295 1357 394 1416 confla
414 1377 489 1416 mors
504 1401 515 1427 ,
533 1356 655 1416 fortuitae
675 1357 776 1416 similis

91 1458 176 1500 esset.
230 1458 245 1495 e
264 1437 401 1498 codicillis
441 1435 537 1498 uidem
557 1443 571 1511 (
591 1436 671 1518 quod
690 1437 777 1516 pleri·

91 1538 151 1602 que
180 1520 380 1601 pereuntium)
407 1459 554 1578 lictorum
575 1538 625 1578 aut
648 1517 775 1599 Tigelli·

90 1623 185 1672 num,
200 1619 248 1660 aut
260 1621 343 1682 quem
363 1601 452 1660 alium
469 1602 628 1679 potentium
648 1597 777 1659 adulatus

92 1681 137 1742 est
155 1682 227 1742 :sed
245 1683 352 1766 flagitia
371 1681 521 1761 principis,
540 1681 593 1741 sub
612 1678 778 1741 nominibus

92 1764 295 1834 exoletomm,
315 1760 568 1842 feminarumque,
595 1770 623 1822 dt
650 1761 778 1821 novitate

92 1851 232 1928 cujusque
255 1843 361 1926 stupri,
384 1863 562 1925 perscripsit,
588 1861 672 1924 atque
698 1842 779 1904 obsi·

92 1945 187 2012 gnata
207 1929 285 1988 misit
302 1927 412 1988 Neroni
432 1950 438 1984 :
459 1925 599 2009 fregitque
617 1927 781 1999 annulum,

93 2030 134 2072 ne
156 2031 226 2069 mox
247 2011 309 2070 usui
330 2027 400 2070 esset
417 2007 454 2068 ad
473 2005 603 2068 facienda
619 2008 768 2088 pericula..

139 2091 209 2152 XX.
223 2091 391 2174 Ambigenti
404 2089 530 2161 Neroni,
544 2109 672 2171 quonam
688 2088 779 2148 modo

94 2175 229 2235 noenum
247 2193 359 2234 suarum
379 2173 495 2255 ingenia
517 2189 710 2240 notescerent,
734 2169 780 2229 of-

61 2307 64 2313 ,
95 2255 188 2316 fertur
212 2255 305 2326 Silia,
334 2252 519 2321 matrimonio
544 2251 679 2312 senatoris
702 2248 781 2311 baud

95 2339 222 2420 ignota,
243 2345 270 2398 ὃ(
290 2337 342 2416 ipsi
366 2335 403 2394 ad
426 2353 543 2394 omnem
562 2331 712 2391 libidinem
731 2332 782 2393 ad·

96 2419 194 2488 scita,
219 2437 253 2478 ac
276 2418 409 2476 Petronio
439 2435 574 2496 perquam
599 2412 747 2474 familiaris
772 2432 781 2473 t

96 2501 195 2582 agitur
210 2498 241 2558 in
258 2499 387 2563 exsilium
399 2542 411 2566 ,
427 2515 574 2577 tamquam
586 2517 646 2555 non
663 2496 784 2558 siluisset

98 2601 165 2662 quae
183 2578 292 2640 viderat
314 2579 534 2659 pertuleratque,
564 2577 677 2658 proptio
702 2576 781 2637 odio.

98 2665 142 2732 At
163 2659 332 2722 Numicium
356 2658 537 2730 Thermum,
559 2657 676 2738 praetuti
699 2655 782 2728 func-

100 2762 183 2813 tum,
196 2741 337 2826 Tigellini
356 2741 545 2802 simultatibus
564 2738 691 2810 dedidit,
735 2742 783 2800 uia

100 2825 235 2912 libertusv
256 2821 377 2910 Thermi
415 2821 546 2908 quadam
574 2821 609 2880 de
636 2820 713 2906 Tige
736 2822 784 2895 ’ρ
898 2904 902 2911 Ι

568 2893 655 2967 M'iv
