2000 3684
237 335 302 414 '54‘
371 322 408 392 C.
438 287 584 395 coam
615 325 797 393 Tacrrr

241 462 327 520 nemo
363 441 435 502 adeo
450 475 457 487 ·
473 462 567 524 expers
601 441 799 505 misericordiae
830 441 926 518 fuit,

240 545 327 664 grem
351 545 411 583 non
430 523 585 586 Britannici
606 525 724 586 fortunae
746 545 852 585 moeror
875 527 926 588 ad-

264 624 336 664 ceret
359 606 525 666 :desolatus
545 607 694 689 paullatim
718 608 804 667 etiam
829 612 923 669 servi-

240 684 316 748 libus
350 685 534 759 ministeriis,
569 685 765 769 intempestiva
794 710 927 751 novercae

241 768 365 839 officia,
390 771 420 828 in
441 769 564 830 ludibria
585 770 733 841 vertebat,
761 771 927 854 intelligens

240 849 328 922 falsi5
352 871 443 932 neque
462 852 539 912 enim
558 872 674 936 segnem
695 854 722 912 ei
737 850 822 912 fuisse
843 854 929 913 indo-

240 933 301 1005 lem
337 931 457 1004 ferunt3
489 935 548 994 sive
578 955 700 1003 verum,
725 955 773 993 seu
795 935 928 1014 periculis

243 1015 482 1086 commendatus,
506 1017 621 1076 retinuit
639 1014 750 1077 famam
767 1017 828 1077 sine
844 1037 928 1098 expe-

243 1099 375 1158 rimeneo.
426 1133 428 1138 ·

208 1189 210 1193 ’
285 1177 414 1239 XXVII.
430 1177 486 1240 Sed
502 1177 685 1262 Agrippina,
724 1174 835 1240 uovim
845 1201 927 1241 suam
992 1204 993 1251 l

159 1320 163 1333 ,
241 1262 329 1325 sociis
360 1281 479 1342 quoque·
500 1259 663 1324 nationibus
691 1283 712 1320 ο
736 1280 866 1333 entaret,
897 1265 927 1323 in
992 1254 993 1345 l

242 1341 384 1424 oppidum
403 1343 568 1416 Ubiorum,
594 1344 625 1402 in
668 1363 706 1401 uo
726 1344 823 1426 genita
846 1364 927 1417 erar,
992 1358 993 1399 l

243 1443 393 1494 ueteranos
419 1425 621 1504 coloniamque
647 1365 751 1484 ledaei
775 1426 930 1504 impetrans
992 1426 993 1441 ¹

223 1501 224 1504 '
244 1508 293 1566 cui
311 1527 417 1566 nomen
436 1505 558 1568 inditum
568 1526 601 1564 ex
614 1505 756 1566 vocabulo
771 1508 865 1587 ipsius.
882 1509 928 1567 Ac

244 1587 322 1658 forte
347 1587 503 1659 acciderat,
526 1606 557 1647 ut
578 1608 642 1648 eam
666 1607 806 1670 gentem,
823 1585 929 1651 Rheno

246 1689 464 1754 transgressam,
486 1691 554 1731 avus
570 1669 697 1753 Agrippa
714 1673 744 1729 in
765 1669 851 1730 fidem
873 1683 927 1731 ac-

245 1753 359 1832 ‚ciperet
387 1751 493 1812 Iisdem
525 1752 700 1832 temporibus
728 1754 759 1812 in
788 1755 931 1832 superiore
992 1756 993 1799 Ὗ

248 1833 406 1896 Germania
416 1832 585 1914 trepidatum
598 1881 608 1906 ‚
622 1833 746 1894 adventu
755 1833 928 1909 Cancrum,

247 1916 397 1980 latrocinia
414 1916 594 1999 agitantium.
612 1916 724 1977 Deinde
745 1915 779 1977 L.
801 1918 930 1998 Pompo-

245 1999 312 2060 'nius
324 1997 431 2082 legatus
446 2043 454 2068 ‚
480 1998 627 2059 auxiliares
644 2000 814 2082 Vangionas
826 1997 860 2060 'ac
872 2001 932 2062 Ne·

249 2099 363 2150 metas,
387 2077 486 2140 addito
507 2082 600 2161 equite
617 2081 724 2151 alario,
744 2084 879 2151 monuit,
901 2102 932 2142 ut

247 2163 386 2224 anteirent
403 2163 600 2236 populatores,
619 2165 671 2224 uel
685 2165 805 2237 dilapsis
827 2167 932 2239 impro-
992 2236 993 2241 Ἰ

248 2245 310 2308 ,visi
321 2245 604 2322 circumficnderentur.
622 2245 661 2305 Et
674 2265 766 2305 secuta
779 2247 930 2306 consilium

248 2325 329 2397 ,alueis
349 2323 481 2386 industria
497 2326 645 2397 militum,
665 2327 804 2408 divisique
824 2328 932 2389 induo
992 2344 993 2371 ff

250 2411 395 2491 agmina,
419 2410 468 2488 qui
489 2407 591 2467 laevum
614 2410 666 2468 iter
690 2411 867 2488 petiverant,
890 2432 932 2471 re-

253 2512 318 2551 cens
336 2510 474 2560 reversos,
491 2489 637 2572 praedaique
659 2512 707 2570 per
726 2491 825 2552 luxum
845 2514 932 2564 usos,

249 2581 279 2643 ,δε
318 2593 419 2632 somno
492 2593 558 2634 aves
588 2575 802 2634 circiunvenere.
838 2576 933 2636 Antis

250 2655 367 2725 laetiria,
388 2592 491 2736 quini¹
487 2655 626 2735 quosdam
647 2677 662 2716 e
684 2655 763 2715 clade
781 2657 933 2727 Variana,

252 2735 501 2819 quadragesimum
539 2736 602 2821 post
643 2759 779 2811 annum,
818 2742 936 2802 servitio

252 2837 420 2881 exemerant.
