2000 3684
246 361 650 436 AcnrcozA.
711 387 779 455 329

83 487 119 556 ζ(
129 484 252 567 Liguriae
273 505 334 564 pars
362 483 424 559 est)
449 482 587 545 hostiliter
612 485 781 566 populatur,

25 617 29 622 ,
92 585 224 633 matrem
244 566 387 659 Agricola
407 568 438 625 in
455 565 563 647 praediis
585 569 641 627 suis
660 567 780 628 interfe-

93 648 141 710 cit
165 670 173 703 ε
199 646 362 728 praediaque
379 649 462 727 ipsa,
483 655 511 707 &
533 667 669 730 magnam
693 651 781 729 patri-

98 728 196 791 monii
219 746 328 808 partem
355 727 488 808 diripuit,
512 749 573 809 qua
598 749 680 789 causa
699 729 781 790 cedis

97 807 202 868 fuerat.
226 809 316 891 Igitur
333 808 371 869 ad
395 810 522 870 solennia
545 811 655 891 pietatis
674 810 782 890 profec-

97 907 147 953 tus
172 890 329 984 Agricola,
351 892 452 950 nuntio
470 887 596 952 affettati
625 913 642 950 a
669 891 782 973 Vespa-

98 972 186 1046 siano
210 973 320 1052 imperii
348 969 554 1052 deprehensus,
578 970 729 1032 aestatim
751 973 783 1034 in

98 1071 194 1132 partes
213 1071 395 1136 transgressus
414 1050 462 1113 est
485 1053 571 1114 Initia
593 1055 783 1135 principatus,

97 1154 135 1193 ac
162 1131 263 1193 statum
289 1133 366 1194 turbis
393 1135 546 1195 Mucianus
570 1135 704 1220 tegebat,
729 1133 783 1195 acl·

99 1214 223 1276 modum
237 1221 338 1295 juvene
355 1212 549 1289 Domitiano,
565 1225 592 1277 &
614 1237 649 1276 ex
667 1235 782 1297 patema

99 1296 217 1358 fortuna
247 1313 358 1358 tantum
389 1298 534 1358 licentiam
564 1317 722 1379 usurpante.
753 1299 782 1360 Is

100 1381 221 1438 missum
241 1378 279 1438 ad
302 1379 423 1439 deleclus
446 1377 572 1463 agendos
590 1380 780 1462 Agricolam,

37 1465 40 1468 ’
100 1461 267 1542 integreque
288 1481 322 1519 ac
340 1458 447 1519 strenui
466 1478 623 1532 versatum,
641 1462 783 1522 vicesima

101 1543 229 1624 legioni,
239 1541 317 1600 tardi
327 1541 362 1600 ad
371 1560 576 1601 sacramentum
589 1561 782 1624 transgressa,

100 1625 271 1704 praeposuit,
306 1622 356 1682 ubi
386 1621 513 1682 decessor
540 1621 670 1682 seditiose
700 1643 782 1706 agere

99 1705 267 1768 narrabatur
295 1725 303 1760 a
327 1703 431 1784 quippe
450 1704 552 1785 legatis
574 1721 689 1784 quoque
713 1725 784 1763 con·

100 1785 239 1857 sularibus
262 1785 352 1843 nimia
375 1805 408 1844 ac
425 1783 611 1846 formidolosa
629 1802 695 1845 erat.
719 1784 783 1846 Nec

19 1924 24 1930 .
101 1867 212 1952 legatus
230 1867 371 1946 praetorius
389 1865 426 1926 ad
443 1863 636 1926 cohibendum
660 1884 758 1946 potens
769 1913 782 1940 ‚

101 1949 240 2025 incertum
256 1969 307 2007 suo
323 1970 360 2008 an
373 1948 496 2008 militum
514 1949 631 2030 ingenio
647 1971 654 2005 :
669 1950 708 2008 ita
722 1969 783 2009 snc-

103 2049 198 2090 cessor
225 2029 310 2090 simul
338 2038 365 2090 &
390 2031 465 2090 ultor
490 2029 611 2100 electus,
642 2029 785 2092 rarissimi

102 2110 318 2182 moderatione,
342 2111 443 2172 maluit
457 2111 547 2172 videri
565 2111 702 2172 inuenisse
722 2111 781 2172 bo·

51 2210 54 2215 ·
102 2203 176 2262 n'os,
218 2189 283 2252 uim
301 2191 407 2253 fecisse.

106 2330 109 2337 ,
134 2214 253 2340 ΥΙἹΙ.
273 2275 391 2333 Ptaeerat
408 2293 475 2332 tunc
493 2273 644 2332 Britannia
664 2271 784 2336 Vectius

102 2354 248 2430 Bolanus,
268 2353 419 2434 placidius,
436 2353 524 2435 quam
538 2353 625 2414 feroci
638 2351 784 2433 provinciis

103 2435 223 2520 dignum
255 2434 296 2495 est
324 2459 332 2494 ε
369 2437 536 2516 temperavit
563 2435 698 2518 Agricola
722 2438 784 2498 vim

103 2539 205 2588 suam,
233 2517 417 2598 ardoremque
448 2519 640 2596 compescuit,
672 2537 707 2577 ne
725 2520 781 2578 in-

103 2617 262 2668 cresceret,
294 2601 395 2678 peritus
423 2599 566 2680 obsequi,
601 2597 782 2679 eruditusque

66 2733 70 2742 .
104 2682 186 2740 utilia
204 2677 326 2740 honestis
349 2682 471 2740 miscete.
492 2681 575 2739 Brevi
599 2675 829 2742 deindessns

103 2764 201 2826 tannia
221 2761 395 2822 consularem
416 2761 548 2821 Petilium
566 2760 710 2823 Cerialem
728 2781 781 2820 ac-

106 2845 189 2926 cepit.
215 2842 385 2906 Habuerunt
397 2844 518 2906 'rittutes
545 2845 666 2925 spatium
687 2863 784 2906 uem-
