2000 3684
225 345 292 408 ιιι
348 322 385 389 C.
415 323 559 390 Coun.
591 323 782 390 TAcrrr

224 441 413 533 designatus,¹
431 438 528 500 vivida
560 438 628 498 odia
657 440 787 500 intulere.
811 441 903 500 Luca-

223 543 293 582 num
323 523 439 601 propriae
468 540 555 580 causae
584 520 796 593 accendebant,
825 522 903 603 quod

223 601 333 662 famum
365 604 523 662 carminum
543 606 601 679 ejus
626 603 776 681 premebat
800 603 903 674 Nero,

222 681 458 764 prohibueratque
481 681 639 753 ostentare,
666 705 756 743 vanus
778 685 903 744 adsimu-

222 763 337 825 latione.
370 766 560 836 Lateranum,
590 764 736 823 consulem
764 764 903 857 designa-

224 863 308 916 tum,
332 847 435 906 nulla'
429 848 548 924 injuria,
568 845 614 904 sed
634 866 716 904 amor
732 847 845 925 reipub.
865 869 906 906 so-

224 926 318 988 ciavit
345 930 385 986 Ar
406 927 517 986 Flavius
541 927 692 996 Scevinus,
716 935 746 985 &
770 926 907 987 Afranius

224 1008 436 1088 Quinstiunus‚
467 1028 590 1100 uterque
609 1009 744 1066 senatorii
773 1008 903 1078 ordinis,

224 1111 322 1150 contra
342 1089 449 1150 famum
470 1092 530 1161 sui,
551 1090 718 1168 principium
738 1092 816 1148 tanti
837 1088 908 1148 faci-

224 1174 301 1231 noris
320 1173 518 1250 capessivere:
509 1191 606 1229 nam
625 1171 750 1229 Scevino
769 1169 906 1230 dissoluta

225 1252 292 1312 luxu
317 1273 419 1322 mens,
445 1260 472 1312 δι
492 1250 609 1331 proinde
628 1253 688 1310 vita
710 1271 821 1310 somno
843 1252 905 1312 lan-

247 1323 340 1392 uida:
366 1299 555 1410 Quinctianus
574 1329 696 1390 mollitia
714 1335 845 1412 corporis
865 1336 908 1393 in-

183 1457 185 1462 ·
225 1353 340 1485 damis
366 1423 394 1474 ιι
424 1437 441 1474 a
471 1413 586 1472 Nerone
616 1414 752 1492 probroso
783 1416 908 1474 carmine

228 1484 411 1578 diffamatus,
434 1495 619 1554 contumelias
636 1494 727 1553 ultum
745 1494 819 1554 ibat,

268 1579 304 1638 L.
306 1572 416 1659 Ergo,
429 1577 496 1636 dum
507 1577 609 1636 scelera
614 1596 770 1650 pampus,
787 1575 908 1654 &finem

228 1641 357 1720 adesse
346 1661 473 1733 imperii,
496 1647 733 1735 deligendumque,
757 1680 805 1733 qur
801 1659 906 1734 'fessis

229 1739 306 1799 rebus
323 1758 505 1809 succurreret,
523 1741 593 1798 inter
607 1759 635 1797 se
647 1758 699 1799 aut
712 1740 786 1796 inter
799 1741 906 1797 amicos
987 1740 988 1795 ἶ

227 1823 360 1900 jaciunt,
386 1843 442 1903 agg
444 1840 572 1902 regavere
605 1815 735 1878 Tullium
768 1819 905 1878 Senecio·

229 1923 316 1972 nem,
350 1871 516 1962 Cervarium
542 1901 713 1969 Proculum,
739 1900 905 1959 Vulcatium
987 1912 988 1947 ἲ

231 1949 406 2052 Araricum,
434 1984 541 2042 Julium
568 1979 771 2063 dugunnum,
791 1983 905 2041 Muna-
987 1980 988 2001 ¹

232 2065 303 2122 tium
322 2029 637 2134 Gratum,Antouiu1ii
654 2027 812 2131 Natalein,
831 2064 908 2122 Mar-

232 2147 305 2206 tium
324 2145 459 2216 Festum,
478 2147 586 2225 equites
607 2144 775 2202 Romanos:
798 2164 834 2202 ex
852 2146 908 2225 qui·

233 2226 286 2287 bus
324 2229 461 2316 Senecio,
497 2247 512 2284 e
547 2228 683 2319 praecipua
717 2223 909 2284 familiaritate
987 2298 988 2305 ἵ

233 2291 376 2390 Nerorrii,
392 2309 517 2408 speciem
536 2308 667 2366 amicitiae
687 2307 775 2380 etiam
795 2325 857 2364 tum
870 2327 910 2364 re·
987 2354 988 2357 ,

235 2383 344 2460 tineus,
371 2387 406 2448 ed
430 2390 551 2468 pluribus
578 2387 705 2468 periculis
724 2388 907 2446 condrei-aba·
987 2388 988 2401 ³

235 2488 287 2529 t.ur
309 2472 419 2530 Naeuiis
448 2472 584 2550 particeps
605 2469 642 2528 ad
664 2488 750 2529 omne
774 2488 907 2528 secretum

236 2549 333 2611 Pisoni
352 2572 441 2612 erat:
470 2552 565 2610 ceteris
585 2566 645 2630 spes
664 2570 699 2609 ex
721 2551 805 2607 novis
833 2549 908 2607 rebus
971 2583 975 2589 ·

237 2634 389 2712 petebatur.
419 2631 540 2692 Adscitae
566 2650 650 2701 sunt,
673 2650 754 2708 super
776 2629 907 2688 Subrium
987 2658 988 2707 ι

238 2720 265 2772 &
287 2715 460 2794 Sulpicium,
480 2711 514 2772 de
532 2712 634 2856 petibus
657 2710 757 2780 retuli,
778 2711 909 2769 militares

239 2812 353 2870 manus,
374 2793 539 2858 Granius
553 2813 661 2896 vanus,
675 2802 703 2854 δι
722 2756 834 2854 Siatius
846 2791 907 2853 Pro-
