2000 3684
170 347 422 418 ANuAucum
444 347 529 415 Lus.
553 343 634 417 XV.
686 369 752 416 ιιι

114 467 201 528 ΧΧΙ.
233 467 313 526 Olim
332 470 437 544 quidem
460 489 516 526 non
535 467 614 528 modb
633 486 757 542 pretor,

72 569 122 609 atet
142 551 257 619 consul,
274 552 325 608 scd
333 549 443 622 priuati
455 550 541 608 etiam
552 549 731 609 mittebantur
742 594 755 620 ,

71 632 121 708 qui
132 631 299 705 provincias
317 631 455 700 viserent,
469 627 496 690 ἃ
509 632 577 708 quia
589 633 620 689 de
631 634 757 710 cujusque

70 712 201 789 obsequio
218 713 373 781 uideretur,
394 713 522 790 referrent
543 736 554 770 .·
573 713 756 784 trepidabant·

70 815 122 870 que
139 812 234 874 gentes
253 796 285 853 de
306 794 505 874 existimatione
522 793 698 872 singulorum.
713 791 757 852 At

73 895 148 932 nunc
176 875 291 933 colimus
313 894 459 944 externos,
485 871 512 934 fr
538 875 704 948 abelamur5
728 871 757 935 δ’

72 958 205 1037 quomodo
236 957 275 1016 ad
303 975 396 1014 nutum
423 957 541 1038 alicujus
566 973 682 1034 grates,
714 957 758 1014 ita

65 1035 225 1112 promptius
243 1038 380 1096 accusatio
396 1038 572 1096 decernitur:
588 1041 757 1097 decernatur·

71 1139 145 1195 que,
170 1114 200 1178 θ
224 1137 339 1177 maneat
360 1117 580 1193 provincialibus
603 1122 757 1192 potentiam

72 1221 155 1257 suam
174 1201 228 1258 tali
245 1202 322 1278 modo
341 1201 491 1281 ostentandi
509 1223 521 1257 .·
538 1202 590 1259 sed
603 1202 665 1260 laus
673 1201 756 1280 false

75 1277 103 1340 Θ
122 1281 250 1354 precibus
269 1302 418 1356 expressa,
429 1281 542 1355 perinde
560 1280 755 1354 cohibeantur,

73 1363 156 1439 quiem
169 1363 299 1432 malitia,
318 1369 398 1439 quam
414 1365 570 1423 crudelitas.
586 1363 675 1423 Plura
686 1387 756 1440 snpe

70 1459 240 1516 peccantur,
254 1447 318 1502 aun
336 1447 518 1515 demeremur,
535 1443 615 1521 quiem
632 1449 694 1504 dum
710 1447 755 1523 of-

66 1524 222 1602 sendimus.
242 1525 374 1606 Qttaedant
382 1526 464 1583 immo
473 1528 592 1584 virtutes
602 1527 666 1584 odio
673 1545 738 1585 sunt
741 1571 755 1596 ,

74 1607 212 1664 severitas
226 1606 374 1686 obstinata,
394 1605 514 1666 inuic‘bus
532 1609 676 1686 abversum
688 1629 756 1688 gra·

75 1687 147 1744 tiam
165 1690 284 1745 aninucs.
301 1687 368 1745 Inde
381 1688 465 1745 initia
479 1688 681 1766 magistratuum
692 1709 756 1748 nos·

73 1786 180 1826 trorum
204 1770 317 1828 meliora
335 1769 446 1846 ferme,
476 1765 592 1846 &finis
616 1769 755 1840 inclinat,

50 1879 52 1883 ·
73 1853 162 1918 dcem,
185 1851 215 1907 in
239 1853 345 1908 modum
372 1851 599 1920 candidatorum,
621 1850 758 1932 suffiagia

73 1931 285 2008 conquirimus:
306 1951 361 2006 autc
379 1931 407 1988 si
424 1949 585 2001 arceantur,
598 1931 756 2009 aquabiliics

72 2003 151 2089 atquc¹
173 2011 337 2094 conflantibus
353 2013 506 2086 prouincia
521 2032 646 2090 regentur
663 2038 673 2071 :
691 2036 756 2073 nam

72 2111 103 2151 ut
115 2111 193 2152 metu
206 2095 409 2167 repetundarum
426 2095 544 2170 infracta
562 2095 687 2152 avaritia
700 2095 735 2174 est
742 2139 755 2166 ,

73 2176 135 2244 ita,
156 2176 247 2234 octitei
263 2175 416 2256 gratiarum
432 2176 560 2244 urbione,
576 2175 692 2232 ambitio
709 2195 756 2232 co·

72 2255 187 2314 bibetur.

114 2336 216 2398 XXII.
234 2336 347 2418 Magno
361 2355 471 2394 assensu
487 2333 625 2393 celebrata
640 2353 754 2395 senten-

74 2420 132 2488 tia,
159 2439 221 2477 non
249 2435 345 2476 tamen
369 2415 637 2476 senatusconsultum
660 2415 757 2498 perfici

73 2501 191 2580 potuit,
219 2497 406 2558 abnuentibus
428 2498 589 2558 consulibus
616 2521 649 2558 ea
674 2502 706 2559 de
727 2521 756 2560 re

75 2583 200 2640 relatum.
218 2579 313 2649 Mox,
331 2583 443 2640 auctore
460 2581 602 2662 principe,
624 2598 755 2652 sanxere,

74 2685 107 2722 ne
139 2663 204 2740 quis
230 2665 268 2720 ad
294 2663 439 2722 consiliunt
463 2662 598 2722 sotionem
622 2661 756 2740 reftrret,

75 2746 196 2821 agendas
215 2745 289 2818 apud
302 2763 425 2803 senatum
434 2741 642 2818 propretoribus
654 2765 757 2817 prouc-

76 2824 235 2886 consulibus
264 2842 374 2906 gretes,
404 2847 455 2884 neu
477 2825 539 2904 quis
566 2827 599 2886 tei
623 2826 756 2906 legatione
