2000 3684
249 316 292 362 10
381 295 825 367 C4CORN.TACIT1

243 412 421 475 conduceret.
442 417 481 476 At
497 414 595 494 Parthi
613 419 807 498 imperatores,
824 411 928 499 'quum

244 516 372 579 pugnam
391 518 536 577 pararent,
556 497 647 559 foedus
666 519 778 578 tepente
798 497 925 572 faciunt,

245 579 369 660 cognitis
388 581 566 660 popularium
585 579 709 651 insidiis,
730 602 799 661 quas
820 581 932 641 Gerar<-

239 678 293 718 ¹zes
310 657 388 718 fratri
407 660 575 742 patefecerat
592 685 599 717 ε
616 664 812 744 congressique
828 661 930 742 primi)

240 744 408 801 cunctanter
431 789 442 812 ,
478 742 584 801 deinde
612 743 753 822 complexi
783 743 892 804 dextras
914 791 928 817 ,

242 822 320 902 apud
339 823 436 882 altaria
456 823 541 882 deirm
561 825 707 906 pepigere,
721 826 850 902 fraudem
868 827 930 884 ini·

243 906 376 964 micorum
396 907 510 976 ulcisci,
529 924 606 983 atque
625 907 682 981 ipsi
695 908 769 966 inter
784 929 814 965 st
832 927 948 968 conte-¹

239 989 315 1045 dere.
341 987 493 1067 Potiorque
515 987 655 1047 Bardanes
680 990 755 1046 visus
775 988 927 1048 retinendo

241 1088 334 1150 regno
355 1091 361 1125 :
383 1087 413 1126 at
431 1069 598 1138 Gotarzes,
616 1089 652 1127 ne
671 1069 741 1149 quid
759 1070 930 1128 aemulatio--

244 1150 289 1208 nis
307 1146 461 1218 exsisteret,
480 1153 589 1230 penitus
601 1151 630 1208 in
644 1150 819 1230 Hyrcaniam
833 1151 904 1210 abiit
916 1175 930 1209 :-

168 1248 170 1255 ·
240 1249 422 1310 regressoque
441 1231 562 1290 Bardani
579 1231 686 1291 deditur
705 1233 849 1302 Seleucia,
874 1253 924 1292 se-

237 1307 337 1392 ptimo
360 1310 421 1391 post
441 1311 630 1373 defeciionem
657 1335 754 1384 anno,
780 1334 840 1372 non
864 1315 929 1373 sine

245 1391 381 1452 dedecore
414 1392 606 1466 Parthorum,
640 1415 710 1476 quos
736 1415 793 1454 una
826 1396 932 1457 civitas

234 1474 356 1536 tamdiu
372 1474 496 1535 eluserat.

290 1555 331 1616 X.
347 1556 422 1616 Exin
440 1558 626 1618 validissimas
645 1556 930 1637 praefesturas'inva-·

241 1641 280 1699 sit
304 1647 359 1699 e&
379 1640 529 1718 reciperare
544 1641 725 1710 Armeniam,
743 1642 774 1697 ui
796 1662 813 1697 a
831 1639 931 1700 Vibio

244 1721 359 1791 Marso,
382 1721 467 1800 Syriae
487 1721 604 1804 iegato,
621 1721 729 1779 bellum
754 1721 927 1793 minitante,

245 1799 386 1860 cohibitus
412 1800 492 1862 foret.
518 1803 611 1884 Atque
630 1804 742 1860 interim
762 1802 902 1862 Gotarzes
914 1850 942 1884 ,Ι

244 1881 411 1965 pernitentiis
443 1886 566 1943 concessi
591 1885 699 1965 regni,
724 1892 752 1944 &
775 1904 931 1944 revocante

232 1964 424 2038 ··nobiiitate,'
442 1968 486 2024 cui
515 1968 545 2025 in
568 1985 636 2045 pace
660 1963 764 2023 durius
780 1967 928 2025 servitium

244 2045 305 2118 est,
323 2044 464 2106 contrahit
478 2049 574 2127 copias
592 2069 600 2102 ε
618 2055 645 2105 &
659 2043 724 2104 huic
739 2066 835 2106 contra
851 2049 929 2107 itum-

233 2127 282 2188 'ad
303 2149 418 2188 amnem
436 2129 562 2188 Erinden
581 2150 588 2184 t
611 2130 642 2187 in
661 2133 737 2207 cujus
755 2146 929 2212 transgressu

231 2211 365 2270 multum
384 2211 507 2282 certato,
529 2211 644 2291 pervicit
665 2209 826 2282 Bardanes,
854 2231 924 2289 pro-

242 2296 384 2374 sperisque
404 2293 508 2373 ptoeiiis
533 2291 639 2351 medias
664 2294 792 2351 nationes
809 2293 926 2376 subegit

230 2375 282 2434 ³ad
304 2377 409 2433 flumen
432 2374 570 2445 Ginden‚
594 2374 671 2455 quod
697 2371 797 2434 Dahas
820 2374 927 2434 Arios·

244 2478 299 2538 que
314 2455 494 2516 disterminat.
515 2456 560 2515 lbi
575 2455 676 2515 modus
693 2457 774 2516 re'bus
796 2456 925 2518 secundis

243 2541 350 2618 positus
365 2561 371 2597 :
387 2559 454 2598 nam
469 2535 583 2607 Parthi,
596 2559 770 2620 quamquam
784 2540 926 2610 videres,

244 2621 433 2706 longinquam
452 2621 585 2679 militiam
597 2619 842 2699 adspernabantur.
858 2620 924 2704 lgi-

245 2720 306 2772 tur‚
331 2699 470 2761 exstrudiis
494 2704 700 2773 monumentis,
727 2703 828 2784 quibus
848 2706 925 2782 'opes

242 2801 306 2847 eum
327 2775 497 2856 testabatur,
522 2805 577 2846 uec
600 2786 733 2866 cuiquam
752 2784 817 2848 ante
840 2782 926 2846 Arsa·
