2000 3684
233 357 298 420 162
353 349 390 416 C.
419 349 569 418 cons.
602 347 807 416 TAcrrr

228 489 281 551 pro
303 469 389 528 muris
409 471 469 528 ausi
485 485 582 537 erant,
599 475 627 548 de
647 466 720 546 pulsi
745 468 822 527 intra
844 485 909 528 rnu-
992 537 993 541 η

229 551 357 610 nimenta
386 552 517 639 aggeris,
549 548 664 608 demum
694 557 721 607 δι
752 551 912 630 inrumpen-
990 576 995 611 ·,

229 634 303 690 tium
321 633 405 690 armis
423 651 543 690 cessere:
559 651 621 710 quae
636 627 746 688 facilius
756 633 912 708 'provenie-
995 655 996 672 κ

231 711 322 782 bant,
342 715 409 793 quia
426 709 522 771 Parthi
540 710 677 790 Hyrcano
698 709 775 769 bello
792 709 910 785 distine-

230 789 347 853 bantur.
361 793 554 872 Miserantque
572 791 700 872 Hyrcani
710 791 746 850 ad
757 794 911 872 principem

232 873 418 945 Romanum,
446 875 610 934 societatem
639 893 772 944 oratum,
801 873 913 932 attineri

234 979 255 1016 a
272 979 303 1016 se
322 957 472 1036 Vologesen
480 977 531 1030 pro
543 956 657 1035 pignore
676 955 809 1014 amicicia
828 952 912 1015 osten-

235 1057 326 1097 tantes
346 1059 354 1095 t
376 1059 424 1097 eos
437 1037 624 1119 regredientes
636 1035 788 1106 Corbulo,
803 1057 840 1094 ne
857 1035 913 1096 Eu·

235 1117 353 1198 phraten
372 1120 554 1202 transgressi,
575 1115 698 1182 hostium
716 1115 852 1176 custodiis
868 1119 913 1175 cir·

236 1200 478 1269 cumvenirenrur,
502 1199 569 1258 dato
587 1197 735 1280 praesidio,
760 1199 798 1257 ad
822 1199 912 1258 littora

236 1281 323 1339 maris
341 1280 430 1339 Rubri
445 1279 561 1340 deduxit
577 1301 583 1336 :
599 1279 673 1340 unde
688 1281 783 1340 vitatis
800 1277 918 1354 Partho*

236 1380 299 1420 rum
322 1358 446 1432 linibus,
468 1361 570 1438 patrias
593 1362 623 1420 in
646 1359 722 1420 sedes
748 1380 912 1420 remeavere.

237 1467 241 1472 ’
277 1441 391 1502 XXVI.
412 1441 492 1518 Quin
510 1451 536 1501 δι
557 1440 724 1513 Tiridaten,
745 1463 795 1524 per
814 1441 914 1502 Medos

237 1541 361 1583 extrema
385 1524 526 1582 Armeniae
558 1525 737 1593 intrantem,
775 1525 914 1603 praemisso

235 1625 304 1664 tum
322 1605 433 1665 auxiliis
450 1604 596 1664 Verulano
614 1604 728 1688 legato,
753 1623 840 1686 atque
862 1607 916 1684 ipse

237 1686 398 1767 legionibus
419 1688 502 1764 ciris,
529 1685 606 1746 abire
636 1683 749 1768 procul,
777 1707 811 1744 ac
841 1707 917 1745 sem

239 1765 307 1825 belli
335 1768 462 1827 amittere
487 1767 597 1850 subegit
625 1790 632 1824 τ
662 1787 789 1848 quosque
818 1709 917 1838 nobis,

239 1847 280 1904 ob
308 1868 432 1929 regem,
463 1868 572 1907 aversos
610 1849 712 1908 animis
746 1867 920 1931 cognoverat

239 1925 367 1987 toedibus
393 1937 420 1987 δι
445 1929 581 1988 incendiis
606 1925 825 2010 perpopulatus,
851 1951 919 2010 pos-

241 2010 392 2066 sessionem
410 2011 551 2070 Armeniae
567 2011 716 2090 usurpabat
735 2034 742 2067 :
761 2032 854 2092 quum
874 2009 922 2070 ad-

240 2091 321 2173 uenit
335 2089 494 2173 Tigranes,
509 2113 525 2150 a
539 2091 653 2151 Nerone
671 2091 707 2150 ad
721 2093 922 2172 capessendum

243 2171 395 2248 imperium
417 2172 557 2243 dendus,
582 2172 791 2254 Cappadocum
820 2195 855 2232 ex
876 2195 925 2232 no

182 2324 186 2328 ¹
244 2250 374 2325 bilitate‚
391 2255 464 2338 regis
486 2251 618 2314 Archelai
637 2275 748 2334 nepos,
772 2253 821 2314 sed
848 2251 925 2338 qudd

244 2332 293 2391 diu
320 2336 402 2395 obses
429 2335 503 2414 apud
526 2336 624 2394 urbem
644 2335 755 2408 fuerat,
775 2357 866 2418 usque
890 2333 925 2396 ad

244 2415 373 2474 servilem
399 2418 565 2495 patientiam
593 2415 734 2478 demissus.
764 2417 829 2478 Nec
862 2439 927 2477 con·

243 2514 325 2553 sensu
348 2516 496 2578 acceptus,
530 2497 646 2558 durante
669 2497 747 2578 ¹apud
779 2499 921 2580 quosdam

245 2573 342 2635 favore
368 2578 564 2640 Arsacidarum
592 2599 649 2640 :at
674 2581 800 2661 plerique
822 2601 922 2660 super-

246 2655 326 2715 biam
345 2656 511 2720 Parthorum
528 2663 638 2742 perosi,
656 2659 754 2720 datum
773 2683 791 2720 a
810 2661 926 2722 Rotna-

244 2738 290 2794 nis
319 2759 414 2821 regern
442 2743 594 2802 malebant.
623 2741 761 2801 Additum
784 2751 812 2802 δι
836 2745 931 2818 praesi-

247 2816 327 2878 dium
344 2865 356 2889 ,
386 2822 465 2881 mille
491 2823 668 2908 legionarii,
699 2841 752 2884 tres
785 2825 929 2884 sociorum
