<?xml version="1.0" encoding="UTF-8"?>
<!DOCTYPE html PUBLIC "-//W3C//DTD XHTML 1.0 Transitional//EN"
    "http://www.w3.org/TR/xhtml1/DTD/xhtml1-transitional.dtd">
<html xmlns="http://www.w3.org/1999/xhtml" xml:lang="en" lang="en">
 <head>
  <title>
</title>
<meta http-equiv="Content-Type" content="text/html;charset=utf-8" />
  <meta name='ocr-system' content='tesseract 3.04.00' />
  <meta name='ocr-capabilities' content='ocr_page ocr_carea ocr_par ocr_line ocrx_word'/>
</head>
<body>
  <div class='ocr_page' id='page_1' title='image "./ccorneliitaciti01lallgoog_0237.png"; bbox 0 0 2000 3684; ppageno 0'>
   <div class='ocr_carea' id='block_1_1' title="bbox 177 361 753 454">
    <p class='ocr_par' dir='ltr' id='par_1_1' title="bbox 177 361 753 454">
     <span class='ocr_line' id='line_1_1' title="bbox 177 361 753 454; baseline 0 -20"><span class='ocrx_word' id='word_1_1' title='bbox 177 361 429 434; x_wconf 72' lang='lat' dir='ltr'>Auunrruu</span> <span class='ocrx_word' id='word_1_2' title='bbox 454 363 538 430; x_wconf 69' lang='grc' dir='ltr'>[η.</span> <span class='ocrx_word' id='word_1_3' title='bbox 562 362 645 435; x_wconf 82' lang='lat' dir='ltr'>XV.</span> <span class='ocrx_word' id='word_1_4' title='bbox 686 385 753 454; x_wconf 84' lang='lat'>²25</span> 
     </span>
    </p>
   </div>
   <div class='ocr_carea' id='block_1_2' title="bbox 66 481 756 2838">
    <p class='ocr_par' dir='ltr' id='par_1_2' title="bbox 66 481 756 2838">
     <span class='ocr_line' id='line_1_2' title="bbox 66 481 756 562; baseline 0.006 -22"><span class='ocrx_word' id='word_1_5' title='bbox 66 483 144 542; x_wconf 79' lang='lat' dir='ltr'>ricus</span> <span class='ocrx_word' id='word_1_6' title='bbox 171 483 330 542; x_wconf 75' lang='lat' dir='ltr'>amoenitati</span> <span class='ocrx_word' id='word_1_7' title='bbox 356 481 473 553; x_wconf 76' lang='lat' dir='ltr'>dicate,</span> <span class='ocrx_word' id='word_1_8' title='bbox 496 482 579 541; x_wconf 70' lang='lat' dir='ltr'>latinis</span> <span class='ocrx_word' id='word_1_9' title='bbox 600 483 756 562; x_wconf 69' lang='lat' dir='ltr'>procidere.</span> 
     </span>
     <span class='ocr_line' id='line_1_3' title="bbox 66 561 755 646; baseline 0.009 -25"><span class='ocrx_word' id='word_1_10' title='bbox 66 563 194 643; x_wconf 82' lang='lat' dir='ltr'>Plusque</span> <span class='ocrx_word' id='word_1_11' title='bbox 205 562 330 622; x_wconf 81' lang='lat' dir='ltr'>infamiae</span> <span class='ocrx_word' id='word_1_12' title='bbox 340 563 368 622; x_wconf 90' lang='lat' dir='ltr'>id</span> <span class='ocrx_word' id='word_1_13' title='bbox 379 563 542 622; x_wconf 85' lang='lat' dir='ltr'>incendium</span> <span class='ocrx_word' id='word_1_14' title='bbox 555 561 674 634; x_wconf 85' lang='lat' dir='ltr'>babuit,</span> <span class='ocrx_word' id='word_1_15' title='bbox 685 568 755 646; x_wconf 73' lang='lat' dir='ltr'>quia</span> 
     </span>
     <span class='ocr_line' id='line_1_4' title="bbox 67 643 753 727; baseline 0.013 -26"><span class='ocrx_word' id='word_1_16' title='bbox 67 644 184 724; x_wconf 78' lang='lat' dir='ltr'>praediis</span> <span class='ocrx_word' id='word_1_17' title='bbox 216 644 355 727; x_wconf 78' lang='lat' dir='ltr'>Tigellini</span> <span class='ocrx_word' id='word_1_18' title='bbox 380 643 548 704; x_wconf 83' lang='lat' dir='ltr'>AEmilianis</span> <span class='ocrx_word' id='word_1_19' title='bbox 584 665 753 726; x_wconf 77' lang='lat' dir='ltr'><strong>proruperat.</strong></span> 
     </span>
     <span class='ocr_line' id='line_1_5' title="bbox 67 724 752 806; baseline 0.007 -22"><span class='ocrx_word' id='word_1_20' title='bbox 67 725 289 806; x_wconf 85' lang='lat' dir='ltr'>Videbatutque</span> <span class='ocrx_word' id='word_1_21' title='bbox 318 725 397 784; x_wconf 89' lang='lat' dir='ltr'>Nero</span> <span class='ocrx_word' id='word_1_22' title='bbox 422 724 576 786; x_wconf 69' lang='lat' dir='ltr'>condenda</span> <span class='ocrx_word' id='word_1_23' title='bbox 595 727 671 787; x_wconf 88' lang='lat' dir='ltr'>urbis</span> <span class='ocrx_word' id='word_1_24' title='bbox 692 749 752 788; x_wconf 88' lang='lat' dir='ltr'>no·</span> 
     </span>
     <span class='ocr_line' id='line_1_6' title="bbox 66 805 754 890; baseline 0.003 -24"><span class='ocrx_word' id='word_1_25' title='bbox 66 826 132 876; x_wconf 80' lang='lat' dir='ltr'>vae,</span> <span class='ocrx_word' id='word_1_26' title='bbox 154 815 182 866; x_wconf 91' lang='lat'>&amp;</span> <span class='ocrx_word' id='word_1_27' title='bbox 209 824 401 889; x_wconf 87' lang='lat' dir='ltr'>cognomento</span> <span class='ocrx_word' id='word_1_28' title='bbox 421 829 472 868; x_wconf 84' lang='lat' dir='ltr'>suo</span> <span class='ocrx_word' id='word_1_29' title='bbox 492 805 666 885; x_wconf 72' lang='lat' dir='ltr'>appellandae</span> <span class='ocrx_word' id='word_1_30' title='bbox 686 809 754 890; x_wconf 84' lang='lat' dir='ltr'>glo-</span> 
     </span>
     <span class='ocr_line' id='line_1_7' title="bbox 66 889 753 970; baseline 0.006 -25"><span class='ocrx_word' id='word_1_31' title='bbox 66 889 144 946; x_wconf 83' lang='lat' dir='ltr'>riam</span> <span class='ocrx_word' id='word_1_32' title='bbox 177 908 303 968; x_wconf 85' lang='lat' dir='ltr'>quaerere.</span> <span class='ocrx_word' id='word_1_33' title='bbox 328 889 442 966; x_wconf 85' lang='lat' dir='ltr'>Quippe</span> <span class='ocrx_word' id='word_1_34' title='bbox 464 891 494 946; x_wconf 93' lang='lat' dir='ltr'>in</span> <span class='ocrx_word' id='word_1_35' title='bbox 517 889 647 970; x_wconf 78' lang='lat' dir='ltr'>regiones</span> <span class='ocrx_word' id='word_1_36' title='bbox 676 911 753 969; x_wconf 75' lang='lat' dir='ltr'>qua-</span> 
     </span>
     <span class='ocr_line' id='line_1_8' title="bbox 67 967 755 1051; baseline 0.009 -25"><span class='ocrx_word' id='word_1_37' title='bbox 67 967 230 1028; x_wconf 84' lang='lat' dir='ltr'>tuordeeim</span> <span class='ocrx_word' id='word_1_38' title='bbox 252 969 347 1028; x_wconf 86' lang='lat' dir='ltr'>Roma</span> <span class='ocrx_word' id='word_1_39' title='bbox 365 968 498 1028; x_wconf 86' lang='lat' dir='ltr'>dividitur</span> <span class='ocrx_word' id='word_1_40' title='bbox 518 991 525 1024; x_wconf 73' lang='grc' dir='ltr'><strong><em>ι</em></strong></span> <span class='ocrx_word' id='word_1_41' title='bbox 544 989 664 1049; x_wconf 81' lang='lat' dir='ltr'>quarum</span> <span class='ocrx_word' id='word_1_42' title='bbox 684 991 755 1051; x_wconf 89' lang='lat' dir='ltr'>qua·</span> 
     </span>
     <span class='ocr_line' id='line_1_9' title="bbox 68 1049 755 1132; baseline 0.004 -24"><span class='ocrx_word' id='word_1_43' title='bbox 68 1065 137 1108; x_wconf 87' lang='lat' dir='ltr'>tuor</span> <span class='ocrx_word' id='word_1_44' title='bbox 164 1051 276 1132; x_wconf 77' lang='lat' dir='ltr'>integrae</span> <span class='ocrx_word' id='word_1_45' title='bbox 301 1049 477 1119; x_wconf 87' lang='lat' dir='ltr'>manebant,</span> <span class='ocrx_word' id='word_1_46' title='bbox 502 1068 555 1108; x_wconf 86' lang='lat' dir='ltr'>tres</span> <span class='ocrx_word' id='word_1_47' title='bbox 582 1051 647 1110; x_wconf 89' lang='lat' dir='ltr'>solo</span> <span class='ocrx_word' id='word_1_48' title='bbox 673 1069 755 1114; x_wconf 80' lang='lat' dir='ltr'>tenus</span> 
     </span>
     <span class='ocr_line' id='line_1_10' title="bbox 68 1129 755 1211; baseline 0.009 -23"><span class='ocrx_word' id='word_1_49' title='bbox 68 1129 188 1208; x_wconf 72' lang='lat' dir='ltr'>dejestae</span> <span class='ocrx_word' id='word_1_50' title='bbox 211 1154 218 1188; x_wconf 74' lang='grc' dir='ltr'>ι</span> <span class='ocrx_word' id='word_1_51' title='bbox 241 1149 346 1210; x_wconf 85' lang='lat' dir='ltr'>septem</span> <span class='ocrx_word' id='word_1_52' title='bbox 370 1131 483 1211; x_wconf 86' lang='lat' dir='ltr'>reliquis</span> <span class='ocrx_word' id='word_1_53' title='bbox 505 1151 593 1209; x_wconf 79' lang='lat' dir='ltr'>pauca</span> <span class='ocrx_word' id='word_1_54' title='bbox 615 1135 755 1194; x_wconf 71' lang='lat' dir='ltr'>testemur</span> 
     </span>
     <span class='ocr_line' id='line_1_11' title="bbox 67 1210 671 1290; baseline 0.002 -18"><span class='ocrx_word' id='word_1_55' title='bbox 67 1210 142 1272; x_wconf 76' lang='lat' dir='ltr'>vesti</span> <span class='ocrx_word' id='word_1_56' title='bbox 166 1213 192 1270; x_wconf 86' lang='lat' dir='ltr'>ia</span> <span class='ocrx_word' id='word_1_57' title='bbox 203 1229 377 1290; x_wconf 81' lang='lat' dir='ltr'>supererant,</span> <span class='ocrx_word' id='word_1_58' title='bbox 390 1212 480 1273; x_wconf 80' lang='lat' dir='ltr'>lacera</span> <span class='ocrx_word' id='word_1_59' title='bbox 491 1220 520 1271; x_wconf 66' lang='grc' dir='ltr'>ὅ(</span> <span class='ocrx_word' id='word_1_60' title='bbox 532 1211 671 1274; x_wconf 85' lang='lat' dir='ltr'>semiusta.</span> 
     </span>
     <span class='ocr_line' id='line_1_12' title="bbox 110 1232 755 1363; baseline 0.006 -11"><span class='ocrx_word' id='word_1_61' title='bbox 110 1232 194 1352; x_wconf 52' lang='lat' dir='ltr'>xil.</span> <span class='ocrx_word' id='word_1_62' title='bbox 213 1293 379 1363; x_wconf 83' lang='lat' dir='ltr'><strong>Domuum,</strong></span> <span class='ocrx_word' id='word_1_63' title='bbox 398 1302 424 1352; x_wconf 68' lang='grc' dir='ltr'>ὃ(</span> <span class='ocrx_word' id='word_1_64' title='bbox 442 1294 615 1363; x_wconf 66' lang='lat' dir='ltr'>insulanum,</span> <span class='ocrx_word' id='word_1_65' title='bbox 637 1305 664 1354; x_wconf 76' lang='grc' dir='ltr'>δι</span> <span class='ocrx_word' id='word_1_66' title='bbox 683 1315 755 1356; x_wconf 86' lang='lat' dir='ltr'>tem·</span> 
     </span>
     <span class='ocr_line' id='line_1_13' title="bbox 88 1373 754 1454; baseline 0.009 -22"><span class='ocrx_word' id='word_1_67' title='bbox 88 1373 208 1444; x_wconf 87' lang='lat' dir='ltr'>lorum,</span> <span class='ocrx_word' id='word_1_68' title='bbox 224 1395 284 1454; x_wconf 83' lang='lat' dir='ltr'>quae</span> <span class='ocrx_word' id='word_1_69' title='bbox 300 1377 401 1434; x_wconf 86' lang='lat' dir='ltr'>amissa</span> <span class='ocrx_word' id='word_1_70' title='bbox 418 1393 497 1446; x_wconf 87' lang='lat' dir='ltr'>sunt,</span> <span class='ocrx_word' id='word_1_71' title='bbox 515 1397 662 1436; x_wconf 86' lang='lat' dir='ltr'>numerum</span> <span class='ocrx_word' id='word_1_72' title='bbox 680 1378 754 1438; x_wconf 79' lang='lat' dir='ltr'>inire</span> 
     </span>
     <span class='ocr_line' id='line_1_14' title="bbox 66 1395 753 1535; baseline 0.007 -21"><span class='ocrx_word' id='word_1_73' title='bbox 66 1395 150 1514; x_wconf 74' lang='lat' dir='ltr'>laud</span> <span class='ocrx_word' id='word_1_74' title='bbox 176 1476 336 1535; x_wconf 86' lang='lat' dir='ltr'>promptum</span> <span class='ocrx_word' id='word_1_75' title='bbox 360 1455 443 1515; x_wconf 83' lang='lat' dir='ltr'>fuerit</span> <span class='ocrx_word' id='word_1_76' title='bbox 465 1480 471 1512; x_wconf 77' lang='grc' dir='ltr'><strong>ι</strong></span> <span class='ocrx_word' id='word_1_77' title='bbox 496 1456 545 1514; x_wconf 87' lang='lat' dir='ltr'>sed</span> <span class='ocrx_word' id='word_1_78' title='bbox 565 1455 753 1519; x_wconf 59' lang='lat' dir='ltr'>vetustissimi</span> 
     </span>
     <span class='ocr_line' id='line_1_15' title="bbox 66 1536 754 1619; baseline 0.004 -24"><span class='ocrx_word' id='word_1_79' title='bbox 66 1538 122 1595; x_wconf 89' lang='lat' dir='ltr'>reli</span> <span class='ocrx_word' id='word_1_80' title='bbox 145 1539 233 1608; x_wconf 89' lang='lat' dir='ltr'>ione,</span> <span class='ocrx_word' id='word_1_81' title='bbox 263 1538 341 1619; x_wconf 88' lang='lat' dir='ltr'>quod</span> <span class='ocrx_word' id='word_1_82' title='bbox 368 1537 478 1596; x_wconf 89' lang='lat' dir='ltr'>Servius</span> <span class='ocrx_word' id='word_1_83' title='bbox 506 1536 617 1596; x_wconf 86' lang='lat' dir='ltr'>Tullius</span> <span class='ocrx_word' id='word_1_84' title='bbox 641 1539 754 1611; x_wconf 77' lang='lat' dir='ltr'>Luoae,</span> 
     </span>
     <span class='ocr_line' id='line_1_16' title="bbox 68 1618 754 1712; baseline 0.001 -34"><span class='ocrx_word' id='word_1_85' title='bbox 68 1627 97 1678; x_wconf 80' lang='grc' dir='ltr'>δι</span> <span class='ocrx_word' id='word_1_86' title='bbox 164 1639 238 1712; x_wconf 75' lang='lat' dir='ltr'>agna</span> <span class='ocrx_word' id='word_1_87' title='bbox 266 1640 313 1678; x_wconf 84' lang='lat' dir='ltr'>ara</span> <span class='ocrx_word' id='word_1_88' title='bbox 341 1618 515 1698; x_wconf 72' lang='lat' dir='ltr'>fanumque,</span> <span class='ocrx_word' id='word_1_89' title='bbox 541 1637 602 1698; x_wconf 83' lang='lat' dir='ltr'>quae</span> <span class='ocrx_word' id='word_1_90' title='bbox 624 1622 754 1697; x_wconf 69' lang='lat' dir='ltr'>prasenti</span> 
     </span>
     <span class='ocr_line' id='line_1_17' title="bbox 67 1698 753 1770; baseline 0.004 -13"><span class='ocrx_word' id='word_1_91' title='bbox 67 1698 191 1758; x_wconf 81' lang='lat' dir='ltr'>Herculi</span> <span class='ocrx_word' id='word_1_92' title='bbox 214 1699 301 1760; x_wconf 76' lang='lat' dir='ltr'>Arcas</span> <span class='ocrx_word' id='word_1_93' title='bbox 320 1699 451 1760; x_wconf 79' lang='lat' dir='ltr'>Evander</span> <span class='ocrx_word' id='word_1_94' title='bbox 471 1716 647 1770; x_wconf 82' lang='lat' dir='ltr'>sacraverat,</span> <span class='ocrx_word' id='word_1_95' title='bbox 663 1699 753 1760; x_wconf 76' lang='lat' dir='ltr'>edes·</span> 
     </span>
     <span class='ocr_line' id='line_1_18' title="bbox 69 1779 752 1861; baseline 0 -21"><span class='ocrx_word' id='word_1_96' title='bbox 69 1801 128 1861; x_wconf 91' lang='lat' dir='ltr'>que</span> <span class='ocrx_word' id='word_1_97' title='bbox 154 1781 272 1840; x_wconf 86' lang='lat' dir='ltr'>Statoris</span> <span class='ocrx_word' id='word_1_98' title='bbox 298 1781 396 1850; x_wconf 80' lang='lat' dir='ltr'>Jovis,</span> <span class='ocrx_word' id='word_1_99' title='bbox 417 1798 484 1840; x_wconf 82' lang='lat' dir='ltr'>vota</span> <span class='ocrx_word' id='word_1_100' title='bbox 510 1779 654 1851; x_wconf 86' lang='lat' dir='ltr'>Romulo,</span> <span class='ocrx_word' id='word_1_101' title='bbox 681 1782 752 1840; x_wconf 89' lang='lat' dir='ltr'>Nu-</span> 
     </span>
     <span class='ocr_line' id='line_1_19' title="bbox 70 1859 753 1945; baseline 0 -23"><span class='ocrx_word' id='word_1_102' title='bbox 70 1883 184 1943; x_wconf 84' lang='lat' dir='ltr'>maeque</span> <span class='ocrx_word' id='word_1_103' title='bbox 213 1863 309 1945; x_wconf 84' lang='lat' dir='ltr'>regia,</span> <span class='ocrx_word' id='word_1_104' title='bbox 336 1873 362 1922; x_wconf 90' lang='lat'>&amp;</span> <span class='ocrx_word' id='word_1_105' title='bbox 391 1861 538 1922; x_wconf 84' lang='lat' dir='ltr'>delubrum</span> <span class='ocrx_word' id='word_1_106' title='bbox 564 1859 656 1920; x_wconf 77' lang='lat' dir='ltr'>Vestae</span> <span class='ocrx_word' id='word_1_107' title='bbox 686 1885 753 1926; x_wconf 89' lang='lat' dir='ltr'>cum</span> 
     </span>
     <span class='ocr_line' id='line_1_20' title="bbox 69 1941 753 2023; baseline 0.006 -21"><span class='ocrx_word' id='word_1_108' title='bbox 69 1942 226 2002; x_wconf 87' lang='lat' dir='ltr'>Penatibus</span> <span class='ocrx_word' id='word_1_109' title='bbox 255 1945 352 2023; x_wconf 85' lang='lat' dir='ltr'>populi</span> <span class='ocrx_word' id='word_1_110' title='bbox 376 1943 519 2013; x_wconf 85' lang='lat' dir='ltr'>Romani,</span> <span class='ocrx_word' id='word_1_111' title='bbox 553 1941 654 2003; x_wconf 82' lang='lat' dir='ltr'>exusta.</span> <span class='ocrx_word' id='word_1_112' title='bbox 684 1946 753 2006; x_wconf 82' lang='lat' dir='ltr'>Jam</span> 
     </span>
     <span class='ocr_line' id='line_1_21' title="bbox 70 2025 752 2108; baseline 0.009 -26"><span class='ocrx_word' id='word_1_113' title='bbox 70 2045 140 2104; x_wconf 89' lang='lat' dir='ltr'>opes</span> <span class='ocrx_word' id='word_1_114' title='bbox 166 2043 210 2083; x_wconf 90' lang='lat' dir='ltr'>tot</span> <span class='ocrx_word' id='word_1_115' title='bbox 228 2025 352 2084; x_wconf 70' lang='lat' dir='ltr'>villeriis</span> <span class='ocrx_word' id='word_1_116' title='bbox 375 2027 516 2108; x_wconf 81' lang='lat' dir='ltr'>quaesitae,</span> <span class='ocrx_word' id='word_1_117' title='bbox 539 2032 567 2084; x_wconf 86' lang='lat'>&amp;</span> <span class='ocrx_word' id='word_1_118' title='bbox 588 2025 752 2088; x_wconf 74' lang='lat' dir='ltr'>Graecarum</span> 
     </span>
     <span class='ocr_line' id='line_1_22' title="bbox 70 2106 752 2187; baseline 0.003 -22"><span class='ocrx_word' id='word_1_119' title='bbox 70 2109 177 2166; x_wconf 85' lang='lat' dir='ltr'>artium</span> <span class='ocrx_word' id='word_1_120' title='bbox 195 2106 314 2175; x_wconf 78' lang='lat' dir='ltr'>decora,</span> <span class='ocrx_word' id='word_1_121' title='bbox 336 2107 400 2164; x_wconf 85' lang='lat' dir='ltr'>exin</span> <span class='ocrx_word' id='word_1_122' title='bbox 417 2123 601 2166; x_wconf 87' lang='lat' dir='ltr'>monumenta</span> <span class='ocrx_word' id='word_1_123' title='bbox 619 2107 752 2187; x_wconf 80' lang='lat' dir='ltr'>ingenio·</span> 
     </span>
     <span class='ocr_line' id='line_1_23' title="bbox 71 2189 752 2268; baseline 0.004 -22"><span class='ocrx_word' id='word_1_124' title='bbox 71 2207 135 2246; x_wconf 87' lang='lat' dir='ltr'>rum</span> <span class='ocrx_word' id='word_1_125' title='bbox 160 2189 327 2268; x_wconf 86' lang='lat' dir='ltr'>antiqua&amp;</span> <span class='ocrx_word' id='word_1_126' title='bbox 354 2189 539 2264; x_wconf 87' lang='lat' dir='ltr'>incorrupta,</span> <span class='ocrx_word' id='word_1_127' title='bbox 586 2189 694 2246; x_wconf 81' lang='lat' dir='ltr'>uamvis</span> <span class='ocrx_word' id='word_1_128' title='bbox 719 2190 752 2249; x_wconf 86' lang='lat' dir='ltr'>iu</span> 
     </span>
     <span class='ocr_line' id='line_1_24' title="bbox 71 2206 753 2350; baseline 0 -24"><span class='ocrx_word' id='word_1_129' title='bbox 71 2285 151 2328; x_wconf 85' lang='lat' dir='ltr'>tauta</span> <span class='ocrx_word' id='word_1_130' title='bbox 163 2270 328 2350; x_wconf 85' lang='lat' dir='ltr'>resurgentis</span> <span class='ocrx_word' id='word_1_131' title='bbox 340 2268 414 2326; x_wconf 88' lang='lat' dir='ltr'>urbis</span> <span class='ocrx_word' id='word_1_132' title='bbox 425 2206 650 2346; x_wconf 79' lang='lat' dir='ltr'>pulchritudine,</span> <span class='ocrx_word' id='word_1_133' title='bbox 660 2268 753 2331; x_wconf 78' lang='lat' dir='ltr'>mirlta</span> 
     </span>
     <span class='ocr_line' id='line_1_25' title="bbox 72 2350 754 2429; baseline 0 -21"><span class='ocrx_word' id='word_1_134' title='bbox 72 2351 195 2409; x_wconf 81' lang='lat' dir='ltr'>seniores</span> <span class='ocrx_word' id='word_1_135' title='bbox 210 2352 414 2420; x_wconf 85' lang='lat' dir='ltr'>meminerant,</span> <span class='ocrx_word' id='word_1_136' title='bbox 433 2369 494 2428; x_wconf 85' lang='lat' dir='ltr'>quae</span> <span class='ocrx_word' id='word_1_137' title='bbox 513 2350 633 2426; x_wconf 87' lang='lat' dir='ltr'>reparari</span> <span class='ocrx_word' id='word_1_138' title='bbox 649 2351 754 2429; x_wconf 79' lang='lat' dir='ltr'>nequi-</span> 
     </span>
     <span class='ocr_line' id='line_1_26' title="bbox 73 2429 753 2513; baseline -0.001 -23"><span class='ocrx_word' id='word_1_139' title='bbox 73 2429 151 2492; x_wconf 84' lang='lat' dir='ltr'>bant.</span> <span class='ocrx_word' id='word_1_140' title='bbox 176 2432 261 2490; x_wconf 85' lang='lat' dir='ltr'>Fuere</span> <span class='ocrx_word' id='word_1_141' title='bbox 287 2433 336 2513; x_wconf 88' lang='lat' dir='ltr'>qui</span> <span class='ocrx_word' id='word_1_142' title='bbox 361 2430 547 2497; x_wconf 83' lang='lat' dir='ltr'>adnotarent,</span> <span class='ocrx_word' id='word_1_143' title='bbox 569 2449 670 2510; x_wconf 86' lang='lat' dir='ltr'>quarto</span> <span class='ocrx_word' id='word_1_144' title='bbox 701 2429 753 2490; x_wconf 89' lang='lat' dir='ltr'>de·</span> 
     </span>
     <span class='ocr_line' id='line_1_27' title="bbox 74 2511 751 2590; baseline -0.003 -16"><span class='ocrx_word' id='word_1_145' title='bbox 74 2515 152 2574; x_wconf 86' lang='lat' dir='ltr'>cirno</span> <span class='ocrx_word' id='word_1_146' title='bbox 172 2513 312 2573; x_wconf 81' lang='lat' dir='ltr'>Kalendas</span> <span class='ocrx_word' id='word_1_147' title='bbox 331 2511 448 2574; x_wconf 86' lang='lat' dir='ltr'>Sextiles</span> <span class='ocrx_word' id='word_1_148' title='bbox 466 2511 634 2590; x_wconf 86' lang='lat' dir='ltr'>principium</span> <span class='ocrx_word' id='word_1_149' title='bbox 651 2513 751 2572; x_wconf 86' lang='lat' dir='ltr'>iucen-</span> 
     </span>
     <span class='ocr_line' id='line_1_28' title="bbox 74 2591 754 2674; baseline 0.003 -22"><span class='ocrx_word' id='word_1_150' title='bbox 74 2595 113 2652; x_wconf 88' lang='lat' dir='ltr'>dii</span> <span class='ocrx_word' id='word_1_151' title='bbox 136 2591 217 2664; x_wconf 86' lang='lat' dir='ltr'>hujus</span> <span class='ocrx_word' id='word_1_152' title='bbox 237 2612 349 2665; x_wconf 86' lang='lat' dir='ltr'>ortum,</span> <span class='ocrx_word' id='word_1_153' title='bbox 371 2613 428 2674; x_wconf 89' lang='lat' dir='ltr'>quo</span> <span class='ocrx_word' id='word_1_154' title='bbox 447 2592 620 2654; x_wconf 86' lang='lat' dir='ltr'>&amp;Senones</span> <span class='ocrx_word' id='word_1_155' title='bbox 641 2612 754 2671; x_wconf 81' lang='lat' dir='ltr'>captam</span> 
     </span>
     <span class='ocr_line' id='line_1_29' title="bbox 74 2671 755 2753; baseline -0.001 -17"><span class='ocrx_word' id='word_1_156' title='bbox 74 2675 173 2736; x_wconf 88' lang='lat' dir='ltr'>urbem</span> <span class='ocrx_word' id='word_1_157' title='bbox 192 2677 435 2734; x_wconf 75' lang='lat' dir='ltr'>inflammaverunt</span> <span class='ocrx_word' id='word_1_158' title='bbox 453 2697 460 2730; x_wconf 72' lang='grc' dir='ltr'><strong><em>ε</em></strong></span> <span class='ocrx_word' id='word_1_159' title='bbox 477 2673 527 2731; x_wconf 87' lang='lat' dir='ltr'>alii</span> <span class='ocrx_word' id='word_1_160' title='bbox 542 2671 578 2731; x_wconf 78' lang='lat' dir='ltr'>ed</span> <span class='ocrx_word' id='word_1_161' title='bbox 588 2693 675 2753; x_wconf 87' lang='lat' dir='ltr'>usque</span> <span class='ocrx_word' id='word_1_162' title='bbox 689 2674 755 2735; x_wconf 67' lang='lat' dir='ltr'>cura</span> 
     </span>
     <span class='ocr_line' id='line_1_30' title="bbox 75 2754 753 2838; baseline 0.003 -24"><span class='ocrx_word' id='word_1_163' title='bbox 75 2757 211 2838; x_wconf 60' lang='lat' dir='ltr'>Brogressi</span> <span class='ocrx_word' id='word_1_164' title='bbox 230 2776 312 2829; x_wconf 89' lang='lat' dir='ltr'>sunt,</span> <span class='ocrx_word' id='word_1_165' title='bbox 332 2775 363 2816; x_wconf 90' lang='lat' dir='ltr'>ut</span> <span class='ocrx_word' id='word_1_166' title='bbox 381 2754 499 2815; x_wconf 86' lang='lat' dir='ltr'>totidem</span> <span class='ocrx_word' id='word_1_167' title='bbox 516 2773 606 2814; x_wconf 83' lang='lat' dir='ltr'>annos</span> <span class='ocrx_word' id='word_1_168' title='bbox 625 2775 753 2816; x_wconf 83' lang='lat' dir='ltr'>menses-</span> 
     </span>
    </p>
   </div>
   <div class='ocr_carea' id='block_1_3' title="bbox 75 2833 751 2978">
    <p class='ocr_par' dir='ltr' id='par_1_3' title="bbox 75 2833 751 2978">
     <span class='ocr_line' id='line_1_31' title="bbox 75 2833 751 2977; baseline 0 -79"><span class='ocrx_word' id='word_1_169' title='bbox 75 2857 130 2918; x_wconf 89' lang='lat' dir='ltr'>que</span> <span class='ocrx_word' id='word_1_170' title='bbox 141 2847 168 2900; x_wconf 86' lang='lat'>&amp;</span> <span class='ocrx_word' id='word_1_171' title='bbox 177 2836 235 2900; x_wconf 86' lang='lat' dir='ltr'>dies</span> <span class='ocrx_word' id='word_1_172' title='bbox 246 2841 318 2902; x_wconf 86' lang='lat' dir='ltr'>inter</span> <span class='ocrx_word' id='word_1_173' title='bbox 331 2856 445 2920; x_wconf 85' lang='lat' dir='ltr'>utraque</span> <span class='ocrx_word' id='word_1_174' title='bbox 455 2833 590 2977; x_wconf 58' lang='lat' dir='ltr'>incendilaK</span> <span class='ocrx_word' id='word_1_175' title='bbox 595 2856 751 2899; x_wconf 83' lang='lat' dir='ltr'>numerent.</span> 
     </span>
     <span class='ocr_line' id='line_1_32' title="bbox 609 2936 627 2978; baseline 0 0"><span class='ocrx_word' id='word_1_176' title='bbox 609 2936 627 2978; x_wconf 78' lang='lat' dir='ltr'>v</span> 
     </span>
    </p>
   </div>
   <div class='ocr_carea' id='block_1_4' title="bbox 0 0 1014 3684">
    <p class='ocr_par' dir='ltr' id='par_1_4' title="bbox 0 0 1014 3684">
     <span class='ocr_line' id='line_1_33' title="bbox 0 0 1014 3684; baseline 0 0"><span class='ocrx_word' id='word_1_177' title='bbox 0 0 1014 3684; x_wconf 95' lang='lat' dir='ltr'> </span> 
     </span>
    </p>
   </div>
  </div>
 </body>
</html>
