2000 3684
232 302 302 388 346
356 296 393 365 C.
422 296 564 366 Corn,
596 298 783 364 TAC1T1

238 459 244 469 -
270 415 415 478 XXVI.
444 416 533 494 Quod
559 416 609 476 ubi
636 419 792 509 cognitum
812 413 908 490 hosti,

229 518 341 564 mutato
360 517 473 578 repente
490 498 633 568 consilio,
653 500 776 556 uniuersr
798 521 909 560 nonam

229 580 394 660 legionem,
422 598 455 638 ut
474 579 600 638 maxime
620 579 798 650 invalidam,
827 583 911 640 noete

230 661 376 742 adgressi,
390 663 473 719 inter
489 681 624 720 somnum
643 683 675 720 ac
692 660 911 740 trepidationem

230 743 309 801 eaesis
327 742 480 825 vigilibus,
496 744 632 822 inrupere.
653 742 773 822 Jamque
793 743 827 799 in
847 744 912 824 ipsis

230 821 326 882 eastris
353 822 548 906 pugnabant,
577 845 665 904 quum
693 822 834 904 Agricola
865 826 914 882 iter

233 902 360 964 hostium
394 905 431 963 ab
462 905 685 983 exploratoribus
713 904 859 974 edodlus,
889 913 915 964 δι

202 994 206 1002 ’
232 984 357 1068 uestigiis
379 985 541 1054 insecutus,
561 985 759 1045 velocissimos
783 987 914 1066 equitum

233 1068 418 1148 peditumque
446 1066 584 1126 adsultare
612 1067 695 1148 tergis
723 1069 915 1149 pugnantium

171 1155 173 1159 '
231 1149 327 1228 jubet,
341 1169 410 1210 mox
425 1148 463 1206 ab
479 1149 614 1206 universis
634 1147 718 1225 adjici
731 1147 891 1206 clamorem
907 1171 916 1205 r

232 1238 261 1297 &
277 1225 434 1310 propinqui
449 1229 511 1288 luce
532 1227 632 1288 fulsere
651 1231 732 1311 signa
754 1252 761 1286 t
782 1230 826 1288 ira
842 1231 917 1288 auci·

231 1312 286 1391 piri
314 1310 392 1369 malo
418 1312 506 1369 territi
538 1311 665 1370 Britanni
677 1332 688 1379 3
715 1318 743 1370 &
772 1309 916 1370 Romanis

232 1390 306 1450 redit
330 1393 461 1461 animus,
485 1413 519 1449 ac
549 1393 637 1452 securi
667 1389 700 1449 de
726 1391 841 1476 salute,
866 1413 916 1473 pro

231 1474 325 1556 gloria
350 1474 493 1532 certabant
520 1473 623 1554 :ultro
649 1474 808 1552 quinetiam
832 1475 913 1533 inru-

231 1549 298 1636 pere
318 1579 326 1611 ε
344 1565 372 1615 &
390 1554 444 1614 fuit
464 1572 543 1612 atrox
562 1555 593 1612 in
611 1555 678 1634 ipsis
697 1574 844 1634 portarum
863 1577 913 1615 an·

232 1634 332 1719 gustiis
359 1637 519 1718 proelium,
554 1635 643 1694 donec
677 1635 751 1718 pulsi
785 1633 911 1707 hoster,

232 1737 352 1798 utroque
380 1718 501 1776 exercitu
527 1725 668 1786 certante,
691 1713 735 1775 his
763 1736 794 1776 ut
817 1718 914 1776 tulisse

231 1819 340 1877 opem,
360 1800 416 1858 illis
434 1819 469 1857 ne
489 1799 598 1880 eguisse
612 1799 717 1858 auxilio
729 1797 890 1860 viderentur
904 1821 912 1855 :

232 1877 312 1959 qudd
334 1881 391 1939 nisi
415 1879 530 1957 paludes
555 1889 582 1940 &
608 1881 684 1939 silvae
706 1878 848 1979 fugientes
870 1899 912 1938 te-

230 1961 361 2030 xissent,
382 1960 554 2019 debellatum
576 1961 626 2020 illa
641 1963 760 2021 vidioria
778 1958 860 2020 foret.
906 2007 910 2010 .

273 2039 400 2102 XXVII.
416 2041 507 2119 Cujus
521 2041 677 2102 constantii
692 2063 725 2100 ac
740 2041 820 2102 fami
834 2041 911 2100 ferox

232 2121 368 2183 exercitlls
386 2148 393 2180 t
409 2123 485 2182 nihil
497 2126 598 2184 virtuti
616 2147 671 2184 suae
685 2126 792 2184 invium
811 2149 823 2182 .·
832 2146 911 2199 pene·

233 2210 361 2266 trandum
383 2206 577 2276 caledoniam,
597 2207 839 2282 inveniendumque
854 2219 913 2264 turr-¹

233 2290 294 2345 dem
315 2287 471 2346 Britannice
491 2288 637 2346 terminum
660 2287 787 2346 continuo
802 2287 911 2360 praliu-

233 2391 294 2428 nem
319 2391 399 2429 cursu
425 2367 583 2428 fremebant
606 2391 620 2424 .:
644 2388 728 2450 atque
754 2367 796 2426 illi
821 2365 912 2425 modd

233 2452 310 2508 cauti
330 2471 363 2508 ae
378 2451 535 2529 sapientes,
558 2452 681 2529 prompti
698 2445 759 2529 post
780 2468 910 2508 eventum

232 2551 267 2590 ac
290 2532 469 2614 magniloqui
479 2551 567 2592 erant.
581 2531 764 2612 Iniquissima
782 2526 840 2588 hae
855 2529 911 2588 bel·

233 2613 327 2674 lorum
354 2613 480 2673 conditio
500 2611 708 2693 est,1prospera
729 2631 829 2670 omnes
857 2611 911 2670 sibi

234 2693 410 2765 vindicant,
444 2695 560 2767 aduersa
589 2695 638 2754 uni
662 2696 841 2774 imputantur.
871 2694 913 2750 At

234 2773 361 2837 Britanni
378 2798 438 2839 uon
451 2777 572 2846 virtute,
588 2774 637 2836 sed
650 2775 840 2838 occasione&
854 2791 911 2834 arte
