2000 3684
255 280 324 362 316
379 259 422 341 C.
452 273 607 342 Corn.
634 275 850 347 *Tncrrr

253 392 280 456 ἃ
308 414 393 452 unum
420 394 453 452 id
476 393 575 452 bellum
598 416 667 453 csse.
691 393 785 452 Simul
811 396 930 455 consilio

250 493 384 534 terrorem
409 473 550 552 adjicere,
575 483 603 533 &
627 473 807 556 Megistanas
830 478 932 536 Arme·

250 557 313 614 nios
323 600 333 626 ,
353 557 402 638 qui
416 557 499 636 primi
517 577 534 614 a
555 556 638 614 nobis
655 555 839 626 defecerant,
859 559 932 636 pellit

250 635 382 707 sedibus,
404 633 514 695 castella
530 634 628 708 eorum
646 637 811 696 exscindit:
835 639 931 717 plana,

172 749 180 758 -
251 717 347 786 edita,
371 715 500 788 validos,
524 717 740 798 invalidosque,
767 722 834 798 pari
861 740 931 778 metu

251 798 436 954 ,millius
460 879 531 938 Non
550 841 711 949 neusin,
730 878 846 940 nedum
868 877 929 940 ea

253 961 298 1022 till
315 960 383 1020 odio
405 961 580 1022 Corbulonis
596 982 701 1018 nomen
718 962 811 1022 etiam
834 961 929 1021 barba·

251 1044 289 1104 tis
305 1039 459 1102 habebatur
469 1087 479 1112 ,
490 1039 586 1122 ebqus
600 1042 757 1102 consilium.
767 1046 831 1119 ejus
848 1041 929 1102 fidum

254 1121 404 1182 credebant
427 1146 437 1186 t
463 1143 531 1206 ergo
553 1123 713 1205 Vologeses
736 1143 835 1203 neque
860 1145 931 1184 atrox

251 1205 284 1262 in
308 1225 448 1264 summam
472 1250 481 1274 ,
504 1214 531 1268 &
558 1203 730 1284 quibusdam
766 1203 931 1282 praefeums

254 1283 380 1346 inducias
406 1286 483 1364 petit.
512 1283 654 1344 Tiridates
676 1285 774 1344 locum
806 1285 932 1367 diemque

248 1366 399 1446 ¹colloquio
429 1368 529 1445 poscis.
559 1365 685 1445 Tempus
718 1368 930 1448 propinquum,

253 1445 353 1517 locus,
381 1449 410 1506 in
433 1469 491 1527 quo
513 1466 600 1526 nuper
619 1447 739 1518 obsessae
765 1468 838 1508 cum
865 1450 932 1509 Paeto

250 1528 381 1612 legiones
401 1547 499 1597 erant,
521 1549 609 1609 quum
629 1550 648 1586 a
666 1527 798 1588 barbaris
817 1529 932 1591 deleuus

252 1629 346 1680 esset,
361 1610 401 1671 ob
418 1612 589 1674 memoriam
608 1609 721 1668 laetioris
734 1609 792 1668 sibi
809 1613 932 1681 rei‚non

255 1689 296 1752 est
314 1713 330 1750 a
347 1689 517 1752 Corbulone
540 1692 662 1760 vitatus,
681 1709 714 1749 ut
732 1689 932 1752 dissimilimdo
993 1690 994 1725 Ὗ

254 1770 374 1834 fortuna
397 1774 520 1853 gloriam
543 1790 665 1854 augeret.
689 1771 795 1853 Neque
820 1771 933 1834 infamii

254 1851 326 1916 Paeti
342 1853 497 1934 angebatur
512 1877 523 1919 r
536 1852 615 1933 quod
632 1850 667 1912 eb
680 1855 812 1912 maxime
831 1857 932 1933 pautit,

249 1934 324 2012 ‚quia
347 1929 407 1991 filio
429 1938 504 2012 ejus,
526 1934 658 2004 tribuno,
676 1933 778 1992 ducere
798 1938 930 2015 manipu-

220 2014 221 2020 '
242 2014 323 2082 -los,
345 2032 428 2094 atque
449 2017 556 2094 operire
576 2016 708 2094 reliquias
731 2016 819 2075 malae
839 2040 858 2097 p

255 2093 414 2174 imperavit.
434 2095 490 2155 Die
507 2094 588 2176 pasti
605 2095 736 2156 Tiberius
759 2097 875 2158 Alexan
894 2118 932 2169 er,
993 2100 994 2103 ’

249 2173 376 2248 ,inlustris
403 2198 416 2234 e
439 2197 484 2236 ues
514 2175 683 2248 Ronrarms,
707 2176 838 2237 minister
865 2179 933 2240 bello
993 2188 994 2233 l

260 2255 359 2328 datus,
382 2266 408 2318 ὃ(
464 2259 573 2334 ivianus
593 2259 727 2327 Annius,
753 2280 845 2340 gener
868 2260 934 2321 Cor·
993 2268 994 2285 ¹

260 2337 392 2408 hulonis,
422 2337 550 2404 nondum
584 2338 722 2402 senatorii
753 2360 862 2412 aetate,
883 2338 933 2400 'sed
993 2374 994 2397 r

260 2439 311 2497 pro
335 2419 429 2558 leglato
450 2422 570 2500 quinelae
588 2420 697 2502 legioni
714 2422 888 2500 impositus,
905 2423 933 2480 iu

248 2493 346 2564 'castra
397 2499 503 2562 iridatis
522 2521 645 2569 venere,
666 2498 776 2569 honore
796 2508 882 2581 ejus,
902 2521 934 2560 ac

260 2600 296 2640 ne
314 2599 448 2641 metueret
465 2579 600 2652 insidias,
617 2583 668 2642 tali
703 2582 813 2666 ignore.
834 2583 935 2644 viceni

259 2658 362 2724 dehinc
377 2664 482 2746 equites
506 2662 654 2742 adsumpti.
673 2603 712 2723 lit
731 2664 796 2722 viso
816 2663 933 2726 Corbu-

262 2741 357 2816 lone,
391 2763 438 2806 rex
470 2745 557 2824 prior¹
580 2765 654 2827 equo
687 2743 802 2805 desiluit
842 2769 849 2803 :
887 2764 934 2802 nec

785 2829 935 2887 cineratus.
993 2816 994 2843 ³
