2000 3684
239 331 306 401 190
360 307 398 378 C.
426 307 580 377 cortu.
612 307 830 375 Tucrrt

233 433 310 491 tiirsc
327 452 337 488 .·
352 445 381 488 at
397 429 425 488 si
439 431 579 504 desperent
591 438 702 486 uxorem
713 427 854 488 Neronis
863 419 954 507 fort¹

241 512 389 573 Octaviam
398 557 410 580 ‚
429 511 477 570 illi
495 511 624 568 maritum
638 511 760 568 daturos.

275 592 369 654 LXII.
387 593 491 652 Varius
504 611 614 660 sermo,
635 589 717 650 &ad
741 605 867 650 metum
886 609 933 650 at·

235 695 291 757 que
322 675 395 734 iram
421 672 677 742 accommodatus,
701 673 803 731 terruit
839 673 933 732 simul

234 755 418 827 audientem,
436 763 464 816 δε
484 754 621 814 accendit
636 753 692 814 Sed
709 774 814 833 parum
839 755 930 815 vale-

237 839 288 898 bat
307 839 426 918 suspicio
446 838 590 907 inserto,
608 844 636 895 δι
651 833 863 916 quaestionibus
880 848 932 897 ari·

236 921 365 981 cillarum
379 919 454 978 elusa
472 937 540 978 erat.
553 917 634 1001 Ergo
647 912 866 977 confessionem
879 919 932 978 uli⁴

237 1007 316 1082 cujus
342 1001 428 1082 quaeri
461 1001 573 1080 placet,
606 999 652 1057 cui
678 1018 770 1057 rerum
800 1021 931 1082 quoque

237 1103 378 1144 novarum
408 1083 516 1142 crimen
542 1077 737 1164 adfingeretur.
772 1079 815 1139 Et
848 1084 930 1141 visus

166 1201 169 1211 ι
239 1164 357 1225 idoneus
380 1183 512 1223 maternae
536 1164 613 1222 necis
631 1179 772 1242 patrator,
801 1160 927 1221 Anice-

237 1265 298 1317 tut,
319 1246 398 1305 classi
418 1245 493 1326 apud
508 1244 670 1314 Misenum,
687 1260 718 1302 ut
738 1246 928 1316 memoravi,

239 1327 399 1409 praefel’tus,
420 1327 477 1387 levi
495 1325 557 1407 post
569 1325 721 1386 admissum
739 1324 831 1384 scelus
854 1347 928 1409 gra·

239 1407 299 1480 tii,
322 1408 388 1468 dein
415 1410 543 1492 graviore
565 1407 635 1467 odio
657 1429 664 1464 ε
687 1407 753 1487 quia
775 1408 927 1471 malorum

240 1489 399 1552 facinorum
417 1488 536 1550 ministri
550 1491 631 1571 quasi
646 1489 849 1568 exprobrantes
867 1490 925 1550 ad-

239 1575 401 1654 spiciuntur.
415 1572 506 1654 Igitur
517 1574 638 1631 accitum
652 1591 717 1630 eum
728 1569 827 1630 Caesar
838 1593 928 1646 opera

236 1657 343 1732 prioris
385 1653 520 1714 admonet
549 1675 563 1726 ‚·
600 1652 696 1711 Solum
734 1653 926 1712 incolumitati

235 1738 374 1812 principis
389 1739 521 1796 adversus
536 1736 714 1806 insidiantem
727 1753 844 1793 matrem
861 1735 927 1796 sub·

235 1819 351 1879 *emisse
364 1837 374 1874 .·
387 1818 474 1876 locum
487 1817 563 1876 laud
572 1815 688 1874 ntinoris
697 1816 794 1894 gratio
804 1816 926 1898 instare,

207 1941 208 1946 =
240 1901 268 1958 si
280 1901 417 1978 conjugem
427 1899 564 1976 infensum
579 1898 719 1972 depelleret
731 1921 742 1955 .·
752 1920 800 1957 nec
814 1921 924 1970 manu,

241 1997 289 2038 aut
301 1982 354 2040 telo
364 2001 439 2053 opus.
456 1979 600 2039 Fateretut
610 1978 736 2039 Odiaviae
745 1980 922 2040 adulterium.

245 2060 364 2120 Occulta
385 2062 490 2138 quidem
503 2063 542 2120 ad
551 2070 695 2135 presens,
714 2063 764 2120 sed
783 2085 887 2140 magna
898 2063 925 2122 ei

237 2146 352 2218 pruentia
359 2188 369 2214 ,
383 2139 410 2202 E?
423 2165 544 2202 secessus
552 2148 672 2201 amoeno's
681 2144 839 2221 promittit3
859 2145 922 2215 vel,

242 2225 453 2304 si‘neguuisset,
466 2245 555 2283 necent
565 2225 692 2282 intentat.
707 2224 760 2283 Ille
771 2222 856 2284 insitii
867 2246 924 2285 ve-

243 2306 355 2378 cordiit,
381 2314 408 2366 &
428 2304 564 2364 facilitate
584 2307 708 2385 priorum
728 2308 925 2389 flagitiorum,

234 2387 323 2468 'plura
347 2389 455 2458 etiam,
483 2384 569 2468 quim
590 2392 695 2465 jussum
719 2407 799 2459 erat,
819 2385 924 2472 fingit,

244 2467 402 2548 fatertuque
423 2469 498 2548 apud
518 2470 643 2541 amicos,
684 2489 734 2527 uos
748 2470 828 2529 velut
846 2491 922 2531 con-

242 2549 310 2608 silio
335 2548 501 2610 adhibuerat
520 2490 754 2631 princepelrum
775 2552 806 2610 in
823 2551 926 2612 Sardi-

244 2632 324 2690 niam
342 2633 469 2711 pellitur,
487 2631 538 2692 ubi
556 2653 616 2692 non
634 2633 716 2712 inops
730 2633 860 2692 exsilium
879 2652 927 2693 to·

245 2711 365 2781 letavit,
382 2712 485 2772 &fato
502 2713 585 2774 obiit.

286 2793 393 2854 LXIII.
417 2794 456 2856 At
482 2794 588 2868 Nero,
611 2797 764 2876 praeficiam
791 2798 823 2856 in
850 2817 928 2872 spem
