2000 3684
212 346 281 410 344
334 323 369 389 C.
397 323 546 390 Corn.
578 323 767 389 TAcrrr

211 441 299 502 Glott
309 449 336 500 δι
346 439 500 510 Bodotria,
512 438 613 500 diversi
626 440 710 499 maris
723 435 835 498 astibus
846 459 891 520 pet

210 523 382 582 immensum
394 524 526 592 revestae,
545 519 664 603 angusto
675 538 810 579 terrarum
823 542 890 600 spa-

211 606 251 662 cio
268 603 457 674 dirimuntur3
472 601 550 684 quod
568 623 630 661 rum
650 601 784 680 presidiis
798 600 893 662 firma·

211 685 292 744 batur
319 707 327 743 r
352 703 436 765 atque
461 685 555 743 omnis
579 685 695 763 propior
714 685 790 742 sinus
813 701 893 742 tene·

211 765 313 836 batur,
337 767 485 825 summotis
506 764 634 846 velutin
656 764 743 824 aliam
768 765 895 827 insulam

148 881 157 892 ι
209 843 346 908 hostibus.

253 928 389 991 XXIV.
420 928 532 1005 Quinto
556 924 768 1008 expeditionum
794 949 894 998 anno,

212 1031 285 1070 nave
312 1007 403 1090 primi
429 1028 634 1091 transgressus,
659 1009 773 1089 ignotas
799 1008 839 1068 ad
866 1008 895 1068 id

214 1109 323 1169 tempus
346 1109 442 1172 gentes
472 1090 575 1149 crebris
593 1089 678 1148 simul
699 1110 731 1147 ac
755 1091 896 1170 prosperis

212 1173 317 1251 ptoeliis
345 1172 479 1241 domuit3
506 1191 626 1251 eamque
651 1189 757 1249 partem
782 1169 897 1230 Britan-

212 1254 279 1311 niae‘
294 1274 356 1333 quae
376 1252 548 1312 Hiberniam
570 1251 707 1330 adspicit,
732 1253 824 1330 copiis
852 1253 898 1311 in-

214 1329 329 1405 struxit,
343 1335 373 1392 in
384 1354 461 1411 spem
475 1334 586 1416 magis,
602 1331 689 1413 quim
704 1332 743 1390 ob
764 1331 898 1392 formidi·

214 1435 282 1473 nem
298 1437 305 1471 r
322 1415 462 1496 siquidem
476 1414 635 1484 Hibernia,
650 1413 744 1472 medio
756 1415 897 1472 interBri-

215 1497 343 1556 tanniam
362 1515 446 1577 atque
455 1495 627 1575 Hispaniam
649 1497 719 1564 sua,
735 1499 762 1553 δι’
779 1494 896 1554 Gallico

215 1595 331 1658 quoque
355 1579 427 1637 mari
459 1595 646 1657 opportuna,
670 1576 895 1636 valentissimam

215 1659 329 1737 imperii
359 1678 466 1739 partem
498 1659 612 1740 magnis
648 1658 770 1715 invicem
802 1657 896 1730 usibus

215 1740 366 1798 miscuerit.
377 1741 506 1818 Spatium
519 1744 592 1817 ejus,
610 1739 632 1797 si
644 1739 795 1796 Britannia
811 1759 894 1797 com-

216 1838 343 1900 paretur,
359 1819 518 1902 angustius,
535 1818 619 1878 nostri
631 1820 714 1878 maris
728 1819 835 1879 insulas
852 1841 896 1879 su-

217 1918 304 1979 perat.
324 1901 423 1960 Solum
446 1902 547 1959 coelum
571 1921 625 1972 ue,
650 1901 811 1982 &ingenia
831 1902 895 1960 cul-

217 1998 260 2040 tus
271 1980 315 2038 'ue
328 1979 477 2041 hominurn
495 1923 570 2042 haul
586 1983 706 2042 multum
721 2004 737 2039 a
751 1981 896 2042 Britannia

219 2003 351 2121 dillbrunt
381 2086 391 2120 e
418 2062 517 2124 melitis
548 2063 638 2122 aditus
667 2081 818 2142 portusque
850 2083 898 2142 pet

218 2145 406 2214 commertia,
425 2153 453 2205 δι
468 2147 655 2226 negotiatores
672 2146 789 2225 cogniti.
809 2145 896 2226 Agri-

216 2226 282 2285 cola
306 2228 449 2304 expulsum
474 2225 610 2286 seditione
634 2222 786 2284 domestici
808 2246 895 2283 unum

217 2325 254 2365 ex
283 2307 386 2388 regulis
414 2309 506 2391 gentis
538 2326 707 2387 exceperat,
742 2327 775 2364 ac
804 2307 896 2384 sfecie

213 2389 352 2467 amicitia
380 2390 409 2448 in
437 2389 616 2448 occasionem
642 2387 788 2446 retinebat.
819 2387 897 2466 Saepe

218 2489 255 2527 er
268 2490 302 2527 eo
317 2469 428 2538 audivi,
445 2470 557 2550 legione
567 2467 622 2528 uni
636 2479 662 2528 δι
674 2467 795 2527 modicis
811 2469 895 2526 auxi-

217 2551 264 2613 liis
277 2550 410 2610 debellati
421 2551 596 2632 obtinerique
610 2549 780 2610 Hiberniam
797 2569 896 2628 posse:

219 2631 305 2712 idque
325 2634 410 2692 etiam
429 2632 557 2692 adversus
575 2633 748 2691 Britanniam
764 2629 896 2712 profutu-

219 2733 303 2784 tum,
326 2715 350 2774 si
365 2715 497 2772 Romana
522 2715 625 2793 ubique
650 2733 744 2785 arma,
759 2721 797 2773 ¹&
823 2712 899 2773 velut

220 2813 236 2852 e
257 2797 407 2877 conspectu
424 2795 538 2857 libertas
556 2795 705 2856 tolleretur.
