2000 3684
192 332 431 406 Auuarrtrrr
450 334 540 426 ¹lta.
565 333 667 402 XIII.
697 353 759 403 rot

86 455 175 532 pensi
197 453 324 527 haberet,
345 456 416 514 olim
442 456 584 534 provisum
610 471 676 513 erat.
702 455 765 514 Pri*

108 554 177 592 mum
197 557 333 598 venenum
353 538 389 595 ab
408 537 475 615 ipsis
497 534 690 596 educatoribus
709 557 762 594 ace

106 617 185 694 cepit,
205 619 433 698 transmisitque,
455 615 582 675 exsolutb
603 616 689 687 alvo,
712 637 764 696 pa·e

105 707 159 753 rum
182 699 325 768 validum,
344 699 403 758 siue
427 715 678 776 temperamentum
702 699 764 756 ine·

73 788 76 795 ·
104 793 161 844 rat,
183 801 216 837 ne
238 777 330 839 statim
352 780 466 838 saeviret.
494 778 551 838 Sed
575 777 672 847 Nero,
695 777 765 840 lenti

105 858 200 918 sceleris
216 862 384 940 impatiens,
409 860 535 917 minitari
557 859 688 929 tribuno,
714 864 762 938 ju-

105 935 160 995 be're
173 943 330 1015 supplicium
349 942 491 1019 venefica,
509 938 582 1016 qudd
599 942 663 998 dum
676 959 765 998 termo*

105 1038 152 1076 tent
172 1023 338 1095 respiciunt,
361 1024 426 1080 dum
448 1038 552 1095 parant
573 1019 765 1097 defensiones,

104 1103 259 1161 securitatem
269 1120 446 1162 morarentur.
458 1098 689 1160 promittentibus
699 1099 766 1162 dein

104 1195 153 1238 tant
162 1185 327 1258 precipitem
345 1206 433 1242 necem
440 1222 451 1251 ,
470 1181 550 1259 purim
562 1183 673 1260 siferro
689 1203 765 1260 urge*

104 1279 182 1332 retur,
202 1265 361 1324 cubiculum
379 1263 500 1324 Caesaris
514 1261 612 1342 juxti,
633 1260 766 1344 decoqui·

106 1345 246 1414 turritus,
264 1345 388 1428 cognitis
403 1363 485 1404 antea
500 1345 614 1404 venenis
625 1343 765 1424 rapidum.

137 1422 214 1485 XVI.
230 1427 300 1485 Mos
320 1423 492 1496 habebatur,
513 1426 669 1505 principum
693 1424 766 1482 libe-

105 1521 161 1574 ros,
183 1528 245 1565 cum
274 1507 372 1566 ceteris
396 1505 473 1565 idem
495 1508 582 1564 aetatis
601 1504 765 1576 nobilibus,

104 1583 216 1646 sedentes
241 1589 339 1656 vesci,
369 1588 400 1645 in
428 1586 560 1664 adspeetu
586 1587 765 1684 propinquo-¹

105 1683 173 1735 rum,
189 1667 300 1748 proprib
316 1677 342 1727 δι
362 1668 486 1747 parciore
506 1687 610 1725 mensa.
625 1665 685 1724 Illic
699 1687 768 1746 epu·

106 1743 169 1804 lente
186 1749 364 1817 Britannico,
378 1749 445 1828 quia
466 1747 545 1806 cibos
559 1767 695 1830 potusque
708 1752 767 1828 ejus

105 1824 213 1889 deletes
229 1853 262 1890 ex
279 1827 410 1888 ministris
429 1826 509 1911 gustu
529 1829 709 1908 explorabat,
731 1847 779 1888 ne·

105 1909 265 1970 omitteretur
276 1909 450 1979 institutum,
461 1929 509 1970 aut
522 1911 662 1992 utriusque
676 1929 768 1968 morte

104 1989 252 2065 proderetur
282 1992 399 2061 scelus,
434 1991 499 2050 talis
532 1989 614 2050 dolus
647 2009 768 2070 repertus

106 2067 283 2132 est.Inn01ia
303 2071 394 2132 adhuc
406 2117 418 2141 ,
441 2081 482 2131 ac‘
494 2070 656 2149 praecalida,
679 2081 706 2130 &
726 2071 766 2131 li*

105 2147 163 2210 bata
178 2153 259 2236 gustu
273 2157 354 2232 potio
364 2152 479 2212 traditur
491 2152 653 2211 Britannico
666 2172 673 2207 ε
686 2149 768 2222 dein,

103 2231 242 2313 postquam
267 2233 385 2294 fervore
400 2233 643 2312 adspernabatut,
665 2231 769 2312 frigida

105 2309 130 2369 in
149 2332 222 2394 aqua
248 2314 413 2374 adfunditur
436 2333 598 2384 venenum,
622 2311 701 2394 quod
730 2313 770 2372 ita

103 2398 207 2456 cunstos
226 2401 286 2474 ejus
305 2414 377 2457 artus
390 2397 528 2475 pervasit,
547 2414 578 2454 ut
596 2415 651 2452 vox
671 2395 770 2472 paritet

103 2477 254 2554 &spiritus
286 2481 345 2553 ejus
368 2496 534 2556 raperentur.
559 2474 727 2555 Trepidatur
753 2497 771 2537 a

101 2554 379 2627 circumsedentibus,
399 2553 553 2638 diffugiunt
574 2555 770 2635 imprudentes.

101 2634 136 2692 At
154 2639 258 2717 quibus
273 2637 359 2694 altior
375 2638 548 2710 inteiledus,
570 2635 694 2697 resistunt
715 2635 769 2697 de·

101 2709 164 2786 firi,
191 2727 219 2778 δε
240 2717 387 2777 Neronem
409 2720 556 2779 inruentes.
575 2719 644 2790 Ille,
665 2737 695 2778 ut
713 2738 770 2778 erat

99 2799 219 2874 reclinis,
246 2807 277 2861 δι
303 2801 398 2862 nescio
422 2800 542 2875 situlis,
570 2800 682 2860 solitum
708 2801 771 2869 ita,

569 2877 648 2960 Eiij
