2000 3684
230 308 300 376 290
353 282 390 354 C.
418 285 569 354 conis.
600 287 786 356 TAcm

227 425 290 482 cete!
309 405 464 486 peditum,
492 425 566 486 quos
598 425 631 466 ex
654 408 736 467 omni
765 412 914 472 ‘nvenmte'

227 487 350 550 delectos
374 505 440 548 ante
463 487 556 547 aciem
576 486 681 549 locant.
708 429 852 550 Deinitur
880 501 912 554 &

225 589 358 632 numerus
378 569 510 630 :centeni
526 589 561 630 ex
580 569 698 652 singulis
716 571 796 653 pagis
813 590 882 632 sunt
901 597 911 634 s

161 676 163 684 ·
223 649 312 732 idque
327 652 421 731 ipsum
436 651 507 710 inter
526 671 591 710 suos
608 669 744 712 vocamus
757 674 764 710 ε
779 661 807 712 &
818 653 914 735 'quocl

224 729 320 813 primo
339 752 471 800 numerus
490 729 567 802 fuit,
588 736 648 811 jam
669 753 775 792 nomen
797 741 826 793 &
849 732 911 794 ho·

224 834 280 875 nor
308 811 357 875 est
389 815 473 874 Acies
520 833 548 872 et
579 834 682 883 cuneos
714 817 910 894 componitur:

225 893 338 957 Cedere
364 895 452 965 loco,
507 893 646 956 ummodo
678 916 768 956 rmsus
797 894 908 970 instes,

225 978 339 1038 consilii
352 973 439 1058 quim
450 974 611 1036 formidinis
624 975 799 1038 arbitrantur.
820 978 908 1054 Cor-3

224 1079 296 1140 pora
317 1066 431 1120 suorum
449 1058 536 1118 esiam
554 1058 585 1117 in
598 1057 691 1118 dubiis
707 1058 811 1137 proeliis
823 1058 907 1118 refe„

224 1159 298 1202 1unt.
312 1141 430 1202 Scotum
441 1139 607 1220 reliquisse,
627 1140 795 1220 precipuum
812 1141 907 1224 flagi-

224 1222 298 1282 tium
309 1244 319 1280 ε
332 1241 385 1282 nec
397 1240 446 1281 aut
458 1223 542 1281 saeris
553 1219 669 1291 adesse,
687 1240 737 1284 aut
747 1222 909 1298 concilium
921 1232 923 1235 ’

222 1303 315 1374 inite,
331 1303 528 1386 ignominioso
540 1301 584 1362 fas
596 1325 603 1360 :
617 1303 755 1384 multique
768 1301 906 1382 supersti-

224 1401 268 1444 tes
285 1384 446 1455 bellorum,
467 1383 620 1444 infamiam
639 1384 743 1466 laqueo
761 1381 906 1450 finierunt.

266 1465 336 1526 Vll.
362 1466 457 1550 Reges
485 1487 521 1525 ex
548 1465 721 1536 nobilitate3
749 1464 834 1527 duces
869 1489 907 1528 ex

225 1547 328 1608 virtute
348 1567 471 1610 sumum.
496 1547 561 1610 Nee
585 1547 697 1630 iegibus
720 1545 832 1610 infinita
853 1567 907 1610 aut

224 1628 313 1690 libera
340 1628 480 1708 potestas3
502 1638 529 1690 &
548 1629 632 1690 duces
655 1629 784 1708 exemplo
810 1629 907 1709 potins

225 1707 313 1789 quim
332 1711 475 1791 imperio,
495 1713 519 1769 si
537 1711 680 1790 prompti,
696 1713 722 1770 si
737 1713 906 1791 conspicui,

224 1791 251 1849 si
270 1811 335 1852 ante
348 1794 438 1855 aciem
452 1811 554 1875 agant3
569 1791 757 1852 admiratione
775 1813 906 1874 presunt.

225 1869 364 1932 Ceterim
399 1895 490 1956 neque
523 1873 775 1946 animad'vertere,
812 1895 906 1956 neque

226 1953 352 2024 vincire,
383 1975 418 2014 ne
444 1954 587 2016 verberate
611 1954 754 2036 quidem,
780 1957 835 2016 nisi
856 1977 906 2017 sa-

226 2033 387 2096 cerdotibus
403 2038 568 2115 permissum
589 2059 596 2094 ε
617 2058 676 2096 non
697 2039 778 2118 quasi
792 2039 821 2096 in
840 2057 905 2116 ρας,-

225 2137 316 2189 nam,
327 2137 380 2178 nec
395 2116 472 2180 ducis
487 2124 578 2189 'ussu,
593 2117 642 2178 sed
651 2119 729 2179 velut
741 2117 795 2182 deo
804 2120 900 2198 impe-

226 2217 328 2270 rante,
350 2220 436 2282 quem
454 2141 549 2262 siesse
569 2200 737 2260 bellantibus
760 2199 902 2261 nedums

227 2280 405 2365 effigiesque,
424 2292 452 2343 δε
467 2284 550 2366 signa
560 2279 705 2362 quadam,
716 2279 841 2342 dentalia
854 2281 904 2342 lu·

227 2363 286 2434 cis,
309 2366 341 2423 in
355 2365 490 2442 proelium
515 2363 616 2424 ferunt.
636 2362 781 2444 Quodque
801 2365 904 2443 preci-

227 2462 317 2523 puum
334 2444 509 2508 fortitudinis
528 2445 742 2506 incitamentum
760 2441 821 2514 cst,
841 2465 905 2506 non

228 2544 329 2597 casus,
351 2547 404 2586 nec
427 2527 543 2589 fortuita
570 2527 753 2610 conglobatio
773 2545 905 2598 numani

228 2624 279 2666 ειη
291 2627 411 2668 cuneum
430 2609 515 2680 facit,
539 2608 587 2670 sed
608 2608 723 2669 familis
741 2617 768 2668 fle
786 2609 906 2687 ptopin·

251 2691 349 2749 uitates
371 2712 378 2748 :
403 2699 431 2749 &
455 2693 486 2751 in
507 2692 637 2771 proximo
661 2693 803 2774 pignora,
827 2689 905 2748 unde

198 2790 203 2798 ·
229 2709 399 2832 ammarum
421 2771 542 2835 ultiacus
562 2771 672 2846 audiri,
695 2771 770 2832 unde
792 2771 906 2856 vagitus
