2000 3684
245 338 649 408 Aoarcotn.
719 355 787 428 1343

108 475 161 522 vas
210 475 270 518 ntes
285 459 409 537 aperuit,
422 453 536 516 vallatis
548 454 682 538 usquead
693 455 790 518 Taum

110 545 125 614 (
209 542 268 598 ario
290 559 396 598 nomen
417 535 486 611 est)
513 538 673 598 nationibus
698 559 704 595 t
733 537 791 620 qui

110 621 267 682 formidine
289 622 376 679 territi
397 616 507 688 hostes,
529 639 703 700 quamquam
723 640 791 680 con·

110 705 252 763 {libratum
281 703 360 762 saevis
385 698 594 780 tempestatibus
613 703 790 774 exercitum,

108 785 244 846 lacessere
268 805 327 842 non
349 785 409 843 ausi
433 805 441 838 ε
464 781 657 864 ponendisque
680 783 790 864 insuper

110 865 231 926 castellis
252 867 373 944 spatiurn
396 859 459 923 fuit.
481 861 669 923 Adnotabant
688 865 790 943 petiti,

110 966 173 1008 non
191 949 279 1007 alium
298 946 399 1004 ducem
420 940 642 1025 opportunilates
661 944 791 1005 locorum

111 1027 265 1110 sapientius
282 1028 382 1110 legisse
390 1049 400 1098 3
414 1027 522 1086 nullum
541 1027 577 1085 ab
590 1025 725 1110 Agricola

104 1110 199 1170 'situm
222 1107 366 1169 castellum
387 1127 436 1167 aut
453 1109 483 1168 vi
502 1104 623 1166 hostium
646 1127 718 1187 expu
740 1129 794 1167 na·

111 1209 193 1260 tum,
211 1211 261 1250 aut
273 1191 404 1269 pastione
420 1211 454 1249 ac
473 1186 544 1328 sopri
557 1189 703 1248 deserntm.
718 1127 792 1249 Ire-

16 1299 26 1306 *
111 1269 170 1331 brae
187 1292 344 1353 eruptiones
364 1295 371 1329 ε
390 1291 458 1331 nam
481 1293 498 1330 a
519 1291 611 1330 versus
628 1289 721 1330 motas
737 1270 793 1329 ob·

111 1352 232 1412 sidionis
254 1355 354 1412 annuis
385 1353 473 1433 copiis
503 1349 685 1412 firmabantur
715 1373 722 1408 t
752 1353 793 1412 ita

112 1432 255 1515 intrepida
275 1434 317 1492 ibi
335 1431 486 1504 hiems,&
497 1433 551 1492 sibi
565 1435 682 1514 quisque
700 1435 794 1512 praesi-

113 1514 185 1586 dio,
199 1517 290 1575 inritis
303 1513 447 1584 hostibus,
464 1513 554 1594 ebque
566 1513 792 1592 desperantibus,

114 1599 183 1677 quia
207 1597 283 1657 soliti
305 1598 468 1677 plerumque
489 1595 594 1654 damna
615 1592 715 1653 aestatis
740 1591 790 1651 hi-

114 1677 207 1738 bernis
226 1679 370 1738 eventibus
393 1695 527 1758 pensate,
547 1695 608 1734 turn
626 1673 717 1734 aestate
742 1691 791 1734 at-

113 1780 169 1840 que
192 1758 286 1818 hieme
309 1756 387 1837 juxti
408 1756 589 1838 pellebantur.
610 1753 673 1815 Nec
700 1755 792 1839 Agri-

113 1841 179 1900 eola
191 1861 329 1922 umquam
347 1859 394 1920 per
411 1839 482 1898 alios
504 1835 579 1922 gella
598 1837 695 1898 avidus
708 1839 793 1896 inter·

114 1924 188 2002 cepit
214 1945 226 1981 t.
246 1942 294 1983 seu
317 1923 463 1992 centurio,
489 1941 538 1980 seu
559 1917 723 2000 prefectus,
747 1919 794 1979 in·

115 2022 275 2083 corruptum
309 2001 379 2062 facti
411 2001 508 2062 testem
540 1998 672 2061 habebat.
707 2000 794 2080 Apud

114 2085 255 2166 quosdam
276 2085 403 2144 acerbior
418 2086 448 2144 in
464 2083 598 2143 conviciis
613 2082 793 2152 narrabatur,

115 2185 148 2226 ut
164 2166 246 2227 bonis
267 2167 375 2236 cornis,
398 2167 438 2225 ita
456 2165 585 2224 adversus
607 2162 699 2222 malos
719 2165 795 2244 inju-

115 2247 223 2307 cundus
245 2271 252 2304 ε
277 2245 397 2306 cetenint
425 2267 459 2304 ex
480 2243 625 2304 iracundia
649 2241 721 2301 nihil
742 2263 796 2302 su-

115 2348 252 2410 peterat:
277 2347 414 2388 secretum
439 2327 629 2387 &silentium
652 2330 709 2402 ejus
736 2343 796 2384 non

115 2413 229 2470 timeres
269 2433 276 2468 t
307 2406 447 2468 honestitis
477 2407 595 2489 putabat
621 2401 796 2478 offendere,

116 2489 205 2574 quim
224 2491 325 2551 odisse.

120 2600 125 2606 ·
156 2572 268 2632 XXIII.
291 2574 401 2650 Quarta
426 2569 503 2632 aestas
526 2567 709 2639 obtinendis,
733 2587 795 2650 qua

116 2673 301 2736 percurrerat,
324 2656 490 2733 insumpta:
513 2673 545 2711 ac
566 2653 588 2712 si
608 2653 695 2711 virtus
713 2669 795 2707 exer-

119 2738 226 2795 cituum
236 2745 264 2797 δι
274 2735 401 2795 Rotnani
409 2735 534 2794 nominis
544 2733 634 2817 gloria
645 2749 797 2812 pateretur,

117 2818 247 2880 inventus
266 2819 296 2876 in
314 2819 374 2899 ipsa
390 2814 537 2877 Britannia
559 2814 702 2876 terminus.
717 2811 797 2876 Nam

605 2895 678 2958 Piv
