2000 3684
210 280 471 344 Aumatium
499 283 650 344 Nora.
715 304 771 361 403

91 384 189 440 caucis
199 387 267 440 uror.
278 405 333 454 quae
344 388 417 440 nobie
427 389 512 454 potior
523 390 621 440 videtur
630 407 637 442 t
646 407 700 456 quae
711 391 777 444 enim

2 494 4 501 ›
90 475 247 528 sequuntur,
264 462 382 520 videntur
392 463 519 528 pertinere
530 465 559 512 ad
570 464 778 514 deliberationem

91 536 209 601 privatim
222 551 252 584 ea
266 536 298 584 de
313 553 341 588 re
357 536 442 584 initam
453 555 467 586 a
478 538 588 602 principe
601 539 665 586 inter
682 555 777 603 paucos

90 609 265 660 adsentientes
281 609 307 660 ἃ
318 610 437 660 adversor
447 627 454 660 ε
466 611 510 660 sed
523 611 547 660 in
560 611 590 660 iia
601 610 627 660 u
638 612 661 660 in
672 628 777 677 sequen·

90 683 160 752 tibus
178 700 231 750 quae
243 699 312 733 mens
324 685 453 749 scriptoris
463 683 540 733 luerit
555 685 678 745 indicare,
690 697 731 734 aut
745 685 776 736 ad

92 754 149 806 eam
160 769 268 806 mentem
280 761 354 808 verba
363 759 548 822 corruptissima
559 758 682 826 refingere
692 757 776 810 frustra

91 831 149 895 quia
164 841 249 881 tentet
272 832 327 882 sine
343 832 421 883 libris.
439 832 487 881 Vir
509 831 595 882 dubius
614 834 638 882 in
659 835 775 898 exemplo

93 903 197 971 Gryplr.
213 921 259 970 pro
278 907 332 954 vine
346 923 379 954 an
393 922 456 970 aquo
469 903 521 965 jure
537 904 582 956 dc.
599 905 640 954 Sic
658 921 776 956 correxe-

91 988 149 1039 rat,
170 992 197 1028 ne
214 995 256 1028 nec
272 995 336 1044 aquo
357 996 408 1027 cum
423 983 533 1044 petronia
545 977 597 1040 jure
612 994 719 1046 agerem
736 981 777 1028 sed

90 1049 145 1115 jam
161 1053 239 1102 cnrdm
258 1052 417 1113 insultarent,
428 1069 458 1100 ac
468 1052 597 1102 verberibus
613 1069 695 1102 maniis
713 1053 776 1102 ultro

90 1127 253 1183 Intenderent,
276 1129 382 1192 impune,
397 1126 437 1174 rel
448 1127 518 1190 pund
534 1126 579 1176 aad
593 1128 731 1191 gaudentes.

136 1213 161 1261 3.
172 1196 311 1251 Vicesimum
319 1200 382 1248 altra
393 1200 505 1265 lapidem.
517 1199 593 1250 lmmo
603 1201 775 1263 centesimum,

93 1272 162 1335 quod
180 1285 328 1323 monuerunt
344 1273 440 1338 Lipsius
455 1274 587 1324 Salmasius
609 1272 633 1324 dt
653 1273 705 1325 alii.
725 1272 775 1324 Ra·

92 1346 133 1392 tio
151 1345 197 1404 eli,
215 1346 272 1413 quia
289 1346 419 1410 prefeuus
436 1347 518 1408 urbis,
534 1349 563 1396 ad
578 1346 648 1409 cuius
664 1346 776 1412 jurisdic-

90 1417 775 1485 tionemquerelaspatronorumdelibertis-pertinuisse

90 1491 169 1542 docet
185 1494 321 1556 Ulpianus,
336 1492 399 1540 intra
413 1494 578 1542 centesimum
593 1494 698 1557 lapidem
714 1507 775 1558 cog·

90 1567 216 1615 noscebat
227 1603 234 1625 ,
251 1564 276 1614 bt
286 1567 350 1614 ultra
359 1565 424 1614 hunc
435 1565 565 1630 priletiur
576 1567 702 1630 praetorio.
717 1567 774 1614 De-

90 1638 150 1688 inde
168 1638 316 1702 Campania,
332 1640 357 1688 in
373 1655 419 1704 qua
431 1632 561 1700 liberti,si
578 1640 619 1703 qui
631 1639 774 1705 relegaren-

91 1725 151 1774 tur,
171 1713 255 1763 sedem
273 1713 415 1777 eligebant,
431 1723 553 1778 tamquam
569 1713 593 1760 in
608 1711 773 1763 amunissimo

92 1787 172 1836 totius
184 1785 261 1836 ltaliae
273 1786 366 1848 traua,
376 1789 406 1836 ab
419 1788 481 1836 urbe
492 1786 562 1836 distat
571 1798 670 1836 centum
682 1785 706 1838 u
716 1803 774 1854 sep·

92 1870 145 1909 tem
158 1862 314 1911 mlliaibus.
554 1923 556 1930 Ι

131 1933 241 1985 XXVII.
266 1934 436 1985 1.Derur1'as.
458 1933 616 1996 Scribarum,
636 1944 664 1984 ut
683 1933 770 1999 Lipsio

91 2006 206 2065 videtur,
221 2010 321 2075 adquae
338 2011 414 2059 cuivis
429 2008 520 2058 licebat
534 2011 616 2074 pretio
628 2010 773 2074 pervenire.

94 2079 229 2142 Ministeria
244 2099 253 2131 .·
268 2084 393 2138 viatores,
407 2082 520 2142 littores,
532 2097 676 2146 praeunte,
689 2082 713 2131 ὅ(
726 2097 771 2132 te·

91 2164 162 2204 tetus
173 2155 354 2221 magistratuum
363 2155 570 2204 vel'saccrdotum
580 2156 709 2204 ministros.

130 2243 156 2279 2.
175 2227 362 2277 Manumicrendi
380 2230 441 2276 duas
458 2229 559 2295 species.
575 2227 649 2278 Pater
669 2225 770 2278 familias

91 2315 183 2350 cervos
196 2311 296 2365 poterat
310 2299 424 2366 privatim
434 2301 500 2349 inter
509 2300 601 2351 amicos
613 2301 772 2350 manumitte-

91 2389 135 2423 re:
145 2374 188 2448 sed
198 2375 215 2423 ii
227 2373 310 2438 julian
324 2374 421 2424 demum
430 2375 455 2424 in
465 2376 602 2425 libertatem
612 2374 770 2424 vindicaban-

92 2457 133 2496 tur
145 2446 228 2514 virga,
241 2465 313 2513 apuam
326 2449 384 2498 ideo
397 2449 524 2498 rindifiam
535 2453 664 2500 vocabant.
677 2449 771 2500 Manu·

91 2521 160 2570 missi
176 2534 250 2585 caput
261 2522 306 2570 hac
319 2524 387 2588 virga
403 2521 617 2647 tangebatemae
629 2534 730 2587 praetor,
744 2523 770 2572 in

91 2595 145 2644 aliis
156 2595 218 2644 locis
228 2595 332 2661 quilibet
339 2597 489 2663 magistratus
499 2615 531 2664 qu
550 2607 678 2648 carettum
686 2609 770 2662 potes·

90 2678 153 2716 tate.
164 2669 229 2717 Vide
243 2669 313 2718 Plinii
325 2669 398 2734 Epist.
409 2688 440 2732 7,
457 2670 498 2720 16.

127 2756 154 2811 3.
171 2741 272 2810 Ereptus
289 2741 478 2794 mirabimur
495 2741 576 2796 Paris.
596 2741 682 2796 Paride
703 2741 768 2792 enim
