2000 3684
225 321 266 388 18
352 316 388 386 C.
417 315 569 386 Coun,
601 318 804 385 TAchr

223 439 273 520 qui
291 443 410 518 majores
431 435 568 498 Chaucos
586 435 623 496 ad
641 435 815 495 deditionem
836 432 904 515 pel⁴

222 521 357 590 licerent,
379 519 463 578 simul
481 519 668 579 Gannascum
681 517 750 576 dolo
764 517 907 611 aelgrede·

223 620 338 662 rentur:
359 602 409 660 nec'
431 602 531 671 irritae,
552 618 601 660 aut
621 599 772 682 degeneres
793 600 907 658 msidiae

222 682 302 744 fuere
325 681 455 742 adversus
477 679 654 764 transfugam
680 690 708 740 &
733 680 907 739 violatorem

225 762 301 824 fidei.
331 764 387 825 Sed
418 763 492 823 caede
519 769 578 842 ejus
609 781 694 821 motae
720 759 910 822 Chaucorum

225 865 362 917 mentes,
390 855 416 906 &
447 844 579 905 Corbulo
605 845 713 903 semina
747 844 911 904 rebellionis

228 928 392 1009 praebebut3
422 945 452 985 ut
481 924 543 986 laeti
570 924 645 1006 apud
671 926 839 1006 plerosque,
868 927 910 985 ita

228 1008 303 1089 apud
322 1008 462 1089 quosdam
483 1006 592 1067 sinistri
614 1003 695 1066 frmi
714 1030 721 1063 ι
740 1028 789 1066 cur
810 1006 911 1087 hostem

228 1091 375 1150 conciret?
400 1093 517 1150 adversa
529 1090 559 1148 iu
578 1088 694 1162 rempub.
713 1109 811 1147 casura
832 1111 843 1145 .·
863 1090 911 1147 sire

223 1172 353 1249 prosperi
368 1173 485 1250 egisset,
500 1171 712 1248 fonnidolosum
728 1172 794 1243 paci
816 1169 913 1228 virum
989 1194 990 1239 ι

230 1253 386 1332 insignem,
415 1249 441 1312 ἃ
468 1255 570 1330 ignauo
587 1252 708 1326 principi
729 1273 909 1329 praegravem.
989 1258 990 1283 ³

229 1333 321 1413 Igitur
336 1331 474 1394 Claudius
488 1334 559 1392 adeo
574 1354 680 1392 nouam
692 1334 723 1390 in
742 1332 914 1392 Germanias

232 1412 292 1476 vim
315 1412 475 1495 prohibuit,
491 1434 522 1473 uc
535 1415 630 1492 reftrri
638 1415 769 1488 praesidia
781 1415 821 1472 cis
834 1412 912 1474 Rhe-

233 1519 298 1557 num
310 1497 425 1574 juberet.
990 1544 991 1549 ,

273 1578 340 1638 ΧΧ.
355 1579 419 1639 Jtm
435 1577 522 1636 castra
537 1579 567 1636 in
586 1575 682 1636 hostili
699 1577 770 1648 solo,
781 1576 916 1637 molienti
990 1604 991 1609 ¹

233 1659 397 1732 Corbuloni
421 1655 462 1719 hae
485 1660 581 1719 litterae
606 1658 765 1717 redduntur.
787 1658 858 1727 Ille,
885 1679 915 1718 re

233 1741 342 1811 subiti,
365 1763 542 1821 quemquam
558 1742 647 1800 multa
669 1740 754 1798 simul
773 1737 912 1800 offunde-

229 1842 343 1894 rentut,
360 1841 450 1882 metus
474 1844 507 1882 ex
530 1822 717 1901 imperatore,
738 1825 916 1903 contemptio

234 1925 270 1963 ex
288 1904 428 1974 barbaris,
450 1903 601 1963 ludibrium
616 1902 690 1983 apud
709 1905 817 1973 socios,
841 1902 916 1964 nibil
991 1966 992 1975 ἶ

234 1985 316 2046 aliud
336 1986 521 2064 prolocutus,
548 1982 634 2065 quim
661 1985 753 2044 beatos
780 1989 918 2062 quondam

236 2070 315 2126 duces
341 2066 502 2126 Romanos!
528 2068 641 2149 signum
672 2069 795 2147 receptui
827 2067 917 2127 dedit.

233 2148 280 2211 .Ut
293 2167 389 2208 tumen
404 2149 485 2207 miles
499 2149 592 2206 otium
606 2167 745 2218 exsueret,
759 2150 829 2207 inter
842 2149 917 2208 Mo-

236 2251 299 2310 sam
319 2227 508 2310 Rhenumque
524 2231 608 2288 trium
622 2238 649 2288 δι
667 2231 771 2312 viginti
791 2230 917 2290 millium

188 2319 192 2328 '
238 2314 329 2392 spatio
344 2309 450 2372 fossum
465 2309 608 2390 perduxit,
618 2309 675 2391 quii
687 2313 791 2370 incerta
805 2312 919 2370 Oceani

238 2413 396 2454 vetarentur
417 2416 423 2450 :
449 2393 573 2474 insignia
593 2411 688 2451 tamen
708 2390 844 2472 triumphi
865 2395 916 2452 in-

239 2474 326 2535 dulsit
341 2475 457 2542 Caesat,
495 2475 605 2532 uumvis
620 2474 726 2532 bellum
747 2476 918 2556 negavisset.

239 2557 303 2618 Nec
327 2553 418 2616 multo
444 2550 481 2633 pb
530 2554 646 2615 Curtius
667 2553 759 2613 Rufus
783 2555 920 2615 eumdem

240 2635 380 2698 honorem
395 2636 572 2716 adipiscitur,
588 2638 637 2717 qui
647 2638 678 2696 in
691 2657 761 2719 agro
775 2636 921 2696 Mattiaco

236 2720 390 2789 ‚recluserat
403 2739 499 2798 specus
519 2716 674 2798 quaerendis
689 2720 768 2778 venis
787 2721 920 2799 argenti3

242 2800 424 2892 undeltenuis
442 2799 565 2873 nauus,
582 2820 635 2862 nec
653 2801 684 2863 in
698 2799 820 2884 longum
835 2796 891 2860 fuit
913 2821 924 2861 t
