2000 3684
157 309 646 424 ¹Gnuun'urn.
704 301 772 414 287

93 444 222 506 notionis
231 465 326 504 nomen
335 490 347 514 ,
365 466 420 504 non
430 445 540 524 gentis,
551 446 775 521 evoluissepaul-

95 527 196 596 latim,
205 545 236 584 ut
243 548 336 584 omnes
343 571 354 596 ,
361 525 480 600 primum
489 549 508 585 u
517 529 616 586 uiliore
624 528 656 586 ol
664 547 775 600 metum,

97 629 164 666 mox
176 629 194 664 a
210 608 312 682 seipsis
327 608 440 668 inuento
452 607 561 666 nomine
575 607 711 669 Germani
722 631 775 669 νο-

96 706 231 747 careretur.
250 688 350 750 Fuisse
362 690 436 762 apud
451 709 497 746 eos
513 685 540 747 ἃ
557 687 701 748 Herculem
719 709 778 748 me-

99 787 233 840 morant,
244 770 421 861 primumque
436 768 566 829 omnium
584 771 708 830 virorum
721 769 778 830 fot·

99 852 173 909 tium
184 850 250 908 ituri
262 851 292 908 in
303 849 400 930 proeha
411 869 522 909 canunt.

142 930 195 990 111.
223 931 294 990 Sunt
325 931 380 993 illis
409 927 468 992 haec
495 950 609 1011 qnoque
633 931 779 1006 earmina,

101 1031 224 1093 quorum
246 1011 357 1080 relatu,
381 1031 465 1092 quem
483 1013 629 1073 Bardirurn
656 1031 778 1084 vocant,

101 1092 260 1152 accendunt
283 1094 416 1164 animos,
436 1091 588 1174 fumraeque
607 1113 707 1176 pngnae
725 1093 782 1152 for·

102 1191 203 1232 tunam
237 1176 298 1253 ipso
328 1193 412 1232 cantu
440 1193 611 1256 augurantur
643 1197 650 1233 :
680 1193 782 1236 terrent

101 1256 204 1325 enim',
235 1252 432 1334 trepidantve,
460 1273 542 1334 prout
573 1256 668 1315 sonuit
698 1257 781 1318 acies.

102 1336 168 1397 Nec
191 1353 251 1397 tam
268 1356 351 1394 voces
372 1336 446 1404 inae,
469 1333 556 1416 quim
577 1336 686 1396 virtutis
711 1359 783 1398 con·

104 1436 202 1476 centus
226 1415 381 1476 videntur:
408 1413 554 1476 affestetur
578 1418 714 1498 precipue
736 1439 784 1479 as·

103 1499 300 1580 pentasemi,
317 1507 343 1560 δι
358 1495 475 1556 fralium
491 1517 631 1568 murmur,
647 1499 783 1578 objeuis,

78 1635 81 1638 ,
104 1579 144 1642 ad
167 1599 199 1637 os
219 1580 318 1648 scutis,
339 1575 398 1658 qul>
420 1579 529 1658 plenior
548 1587 575 1638 &
597 1581 709 1662 gravior
727 1601 785 1645 vox

104 1681 265 1740 repercussu
278 1662 453 1719 intumescat
468 1657 603 1720 Ceterum
621 1667 648 1728 δι
673 1661 785 1720 Ulixem

107 1741 225 1822 quidam
252 1742 422 1810 ninantur,
440 1741 520 1820 longo
544 1742 594 1798 illo
613 1737 639 1802 ἃ
655 1742 786 1820 fabuloso

107 1845 196 1882 errore
218 1763 340 1882 iulium
372 1821 512 1882 Oceanum
535 1822 672 1893 deletum,
695 1825 787 1884 edisse

111 1904 268 1964 Germanice
293 1922 405 1973 terres,
429 1901 690 1981 Asciburgiumque,
716 1907 788 1982 quod

108 1987 140 2047 in
156 1985 216 2058 ripa
233 1985 324 2045 Rheni
335 1985 435 2054 situm,
450 1983 577 2061 hodieque
589 1984 735 2056 incolitur,
753 1985 787 2044 ab

109 2067 163 2127 illo
173 2068 362 2147 constiturum,
376 2067 601 2142 nominatumque.
616 2063 705 2124 Aram
722 2068 787 2143 quin

110 2149 194 2210 eriam
225 2147 307 2207 Ulixi
328 2165 537 2214 consecratam,
561 2147 663 2224 edjello
684 2147 788 2206 Laerten

104 2229 200 2303 patris
218 2229 343 2296 nomine,
364 2229 453 2284 eodem
465 2228 523 2284 loeo
541 2227 608 2283 olim
628 2245 757 2300 repertam
776 2251 787 2287 .·

109 2310 346 2384 monumentaque,
361 2303 515 2366 &tumulos
526 2307 671 2382 quosdam,
685 2307 790 2368 Grecis

112 2389 216 2448 litteris
225 2391 387 2462 inscriptos,
398 2389 428 2444 in
437 2389 553 2467 confinio
565 2387 719 2446 Germanice
727 2389 788 2449 Rae·

113 2470 210 2545 eieque
234 2468 319 2528 adhuc
339 2470 439 2550 exstare
460 2492 470 2526 .·
494 2490 555 2549 quae
575 2489 664 2549 neque
686 2469 789 2529 confir-

115 2570 194 2610 mate
209 2553 398 2632 argumentis,
411 2569 500 2630 neque
512 2547 635 2609 refellere
650 2552 679 2608 in
690 2553 789 2631 animo

114 2629 156 2690 est
178 2653 186 2690 z
209 2651 242 2688 ex
264 2632 380 2714 ingenio
398 2652 449 2690 suo
470 2631 587 2712 quisque
609 2631 722 2700 demat,
744 2634 790 2692 vel

109 2711 199 2775 addat
214 2709 308 2777 fidem.
366 2771 370 2777 ,

50 2837 53 2840 >
113 2806 117 2815 ¹
156 2792 224 2854 Ν·
240 2793 303 2876 Ipse
330 2810 427 2852 eorum
450 2791 632 2874 opinionibus
659 2791 789 2870 accedo,
