2000 3684
143 353 176 426 Α
186 369 400 424 suerrum
424 358 508 424 Lru.
533 354 614 426 XV.
669 375 734 449 245

16 505 20 510 ·
62 479 89 538 δι
112 477 266 558 paullulum
292 474 420 540 adversus
448 492 610 556 presentem
635 476 741 538 sormi*

14 615 15 619 ,
61 558 126 618 dine
148 559 293 626 mollitus,
323 577 406 640 rogat
424 575 560 638 oratque,
579 577 740 634 temperaret

60 642 177 700 dolorem
193 657 319 698 eremum
332 641 467 712 suscipere
475 680 487 708 ,
496 643 556 698 -sed
571 642 601 698 ire
619 660 740 700 sonum·

14 753 19 780 '.
58 722 182 796 pluriores
193 720 259 780 vira
268 742 321 794 per
335 722 465 780 virtutem
479 727 544 780 alla
550 761 564 791 ,
577 723 742 783 desiderium

14 833 16 840 v
61 803 157 861 mariti
165 799 401 882 solariislronestis
412 803 548 861 tolerares.
558 801 611 862 Illa
619 801 716 864 coutr‘a
726 842 739 876 5

14 913 19 944 ι
62 882 118 944 sibi
141 903 239 959 quoque
257 882 416 962 destinatam
439 901 552 941 monem
575 882 740 956 adseverat,

14 995 19 1027 ;
63 977 237 1043 manumque
257 963 420 1042 percussoris
438 967 570 1044 exposcit.
588 963 667 1024 Tum
688 965 742 1025 Se·

14 1077 20 1106 2
62 1065 152 1114 neca,
183 1045 278 1127 glorie
306 1048 364 1122 ejus
392 1063 451 1104 nou
477 1043 625 1118 adversus,
654 1047 740 1106 simul

62 1145 176 1195 amore,
192 1146 228 1183 ne
246 1125 300 1184 sibi
317 1125 399 1184 unice
416 1124 549 1186 diledkarn
569 1126 606 1187 ed
624 1129 741 1206 injurias

14 1237 19 1270 7
62 1208 229 1287 relinquerer
259 1229 266 1263 :
300 1207 395 1276 isira,
421 1208 534 1289 inquit,
560 1210 740 1268 delinimenta

14 1351 15 1354 Ἴ
63 1290 271 1370 monstraveram
281 1287 332 1346 ribi
341 1331 352 1357 ,
364 1307 393 1346 tu
405 1290 502 1350 monr‘s
520 1293 598 1349 decus
614 1292 708 1351 mavis
727 1309 738 1350 .·

64 1391 115 1428 nott
130 1367 260 1429 invidebo
276 1371 405 1443 exemplo.
421 1369 470 1428 Sir
484 1367 569 1451 hujus
583 1387 640 1430 tem
650 1373 741 1450 fortir

14 1489 15 1492 =
61 1449 154 1510 exieris
167 1451 315 1530 constantia
328 1471 411 1523 penes
427 1470 551 1528 utrosque
566 1475 639 1526 par,
657 1454 741 1511 clari·

64 1534 169 1590 tudinis
185 1533 250 1604 plus
274 1531 304 1589 in
326 1549 371 1589 tuo
383 1533 451 1610 fine.
473 1530 539 1590 Post
556 1553 618 1614 quae
635 1532 739 1593 eodem

63 1613 118 1672 iclu
134 1609 252 1672 brachia
267 1610 340 1670 ferro
352 1613 507 1673 exsolvunt.
522 1613 646 1684 Seneca,
660 1635 739 1694 quo-

14 1755 15 1760 *
61 1695 137 1754 niam
156 1694 241 1754 senile
259 1713 374 1770 corpus,
395 1703 422 1754 &
444 1713 529 1774 parco
546 1697 624 1754 vistu
640 1711 741 1756 tenua-

62 1791 141 1846 tum,
172 1776 250 1834 lenta
277 1771 383 1858 effirgia
412 1777 545 1859 sanguini
574 1771 740 1857 prebebat,

61 1877 170 1917 crurum
185 1877 299 1937 quoque
318 1865 345 1915 ἃ
365 1857 505 1936 poplitum
521 1877 608 1917 renas
623 1859 748 1922 abtum-⁴

63 1940 111 2016 pir.
129 1939 271 2018 Saevisque
289 1937 455 1998 cruciatibus
471 1937 612 2011 defessus,
631 1961 667 2000 ue
681 1939 739 2000 do-

61 2019 118 2078 lore
138 2041 190 2079 suo
211 2021 338 2078 animum
366 2021 459 2078 uxoris
484 2020 667 2106 infringeret,
690 2042 739 2082 at·

63 2121 114 2180 que
128 2102 188 2180 ipse
205 2100 320 2160 visendo
335 2105 392 2178 ejus
411 2118 573 2172 tormenta,
593 2099 637 2163 ad'
650 2105 742 2186 impe·

64 2183 191 2242 tienriam
211 2181 402 2252 delaberetur,
424 2182 522 2242 suadet
538 2183 570 2240 in
594 2185 673 2244 aliud
689 2208 740 2243 cu-

64 2261 179 2322 biculum
199 2263 358 2324 abscederet.
382 2263 420 2323 Et
444 2263 601 2324 novissimo
627 2285 743 2346 quoque

64 2363 214 2404 momento
236 2344 427 2424 suppeditante
451 2342 629 2427 eloquentib,
650 2346 743 2406 advo-

66 2427 132 2486 tetis
152 2426 351 2505 scriptoribus,
372 2427 504 2506 pleraque
524 2425 656 2500 tradidit,
681 2448 743 2510 quer

65 2507 94 2566 in
111 2509 215 2591 vulgus
236 2507 310 2572 edita
330 2513 387 2588 ejus
408 2509 518 2581 uerbis,
541 2510 675 2569 invertere
693 2532 741 2570 su-

68 2589 211 2669 persedeo.
737 2622 740 2631 ·

105 2670 217 2730 LXIV.
244 2668 284 2730 At
307 2669 406 2742 Nero,
427 2671 507 2732 nullo
527 2673 557 2732 in
581 2671 741 2733 Paullinam

68 2755 181 2830 proprio
198 2749 288 2822 odio,
304 2773 337 2811 ac
353 2773 389 2812 ne
408 2753 535 2835 glisceret
557 2753 665 2814 invidia
680 2773 744 2814 cm·

66 2829 205 2904 deliratis,
225 2829 347 2894 inhiberi
367 2853 488 2895 mortem
510 2835 640 2913 imperat.
660 2834 743 2918 Hor·

554 2917 624 2997 Liij
