2000 3684
224 331 476 398 Anmnaruat
503 331 653 398 Nora.
743 359 799 416 379

116 439 183 495 Nam
193 438 344 492 Musarum*
352 443 424 503 vird,
435 459 565 508 numquam
578 445 648 494 locus
661 442 751 496 luisset
760 447 802 496 in·

118 516 191 567 ceilis
202 515 346 584 Agrippina
355 517 448 581 nuptiis
465 532 521 566 cum
539 532 627 584 patruo
639 551 646 576 ,
661 535 712 568 non
722 535 802 569 vent-

116 587 176 640 ficio
186 589 336 653 Britannici,
350 607 403 640 non
418 601 459 639 tot
468 591 605 642 sceleribus
613 627 621 650 ,
630 593 718 658 quibus
730 593 801 656 Nero

116 662 240 714 infestavit
257 665 345 713 orbem
366 674 498 715 terrarum.
514 663 659 715 Salineriut.

153 753 182 789 2.
192 736 309 806 flagitiis
318 737 413 787 inuitis.
424 739 482 787 Hoc
497 754 512 788 e
523 737 664 806 conjiciunt
674 737 801 792 Rhenani.

114 807 228 862 Codices
240 809 296 860 ferd
308 811 412 873 crillitiis
418 812 499 861 multis
512 813 555 862 rel
565 811 657 866 inultis.
669 812 742 864 Unde
758 813 803 875 th

120 883 203 936 uetitis
217 883 295 936 efficit
308 885 444 949 tristissima
462 885 554 938 multis.
646 909 651 917 ·

118 1047 795 1100 m

50 1136 60 1144 ⁵
200 1169 718 1281 tuttuuuntxtl.

145 1321 774 1387 nuunnrvnuorn.

118 1445 168 1554 C
183 1519 201 1555 Α
211 1521 235 1555 l’.
245 1505 268 1556 I.
284 1518 308 1554 1.
319 1503 414 1552 calibis
424 1504 479 1552 ritae
488 1503 634 1554 intoleranti.
644 1505 682 1556 lta
694 1521 725 1556 ex
741 1523 802 1558 con·

116 1575 212 1646 jeiiura
222 1577 319 1628 Mureti
332 1577 438 1626 Picbena
451 1575 543 1632 edidit,
553 1595 626 1642 quum
638 1577 662 1626 in
674 1579 802 1630 codicibus

117 1651 183 1703 mali
204 1651 325 1701 scribatur
344 1650 463 1699 intonanti
482 1666 489 1700 s
506 1650 572 1715 quod
594 1662 675 1701 tamen
695 1651 802 1702 restituit

118 1725 174 1780 Jac.
189 1724 345 1778 Gronovius.
356 1723 423 1775 Idem
435 1722 516 1772 codex
531 1724 591 1772 iniri
607 1725 750 1775 exhibetur
765 1727 804 1774 di-

116 1817 166 1868 gna
183 1813 253 1849 tanto
271 1798 421 1848 matrimonio
439 1797 560 1860 ostentare.
577 1797 650 1850 Unde
666 1799 802 1854 Beroaldus

119 1873 199 1924 edidit
219 1873 325 1940 dignam.

157 1962 185 1999 2·
201 1944 280 1996 Lollii
289 1947 380 2014 filiam.
396 1947 504 2014 Neptem
521 1945 558 1998 Μ.
574 1947 667 2012 Lollii,
684 1947 727 2016 qui
744 1964 803 2002 mo·

117 2019 221 2072 deratos
242 2022 272 2071 C.
288 2022 382 2071 Casani
401 2021 471 2071 datus
486 2023 517 2071 ab
534 2020 654 2089 Augusto.

156 2093 189 2145 ll.
204 2110 226 2145 l.
242 2095 371 2144 Familiam
382 2112 534 2144 communem.
546 2095 614 2146 Nihil
633 2094 725 2148 certius
740 2095 802 2148 Mu·

117 2169 169 2219 teti
179 2167 322 2234 conjetluri
336 2169 488 2218 emendantis
499 2166 592 2234 filiam.

157 2255 183 2290 2.
206 2243 314 2309 Dignum
329 2259 424 2308 prorsus
445 2239 595 2306 imperatorii
611 2238 721 2304 fortunii.
738 2241 801 2295 Haec

117 2313 219 2383 Ryckio
230 2315 346 2365 videntur
355 2317 397 2365 vix
408 2329 482 2380 posse
493 2313 541 2363 dici
551 2313 580 2363 de
591 2331 670 2382 puero
683 2318 801 2381 Nerone,

117 2389 150 2439 de
166 2386 239 2452 cujus
254 2388 389 2454 adoptione
404 2387 523 2438 Claudius
539 2389 671 2457 nequidem
689 2391 801 2458 cogitare

117 2474 220 2530 poterat
231 2461 330 2528 :itaque
342 2479 372 2512 ex
386 2463 471 2512 codice
484 2479 531 2512 suo
542 2461 619 2530 legit,
630 2465 724 2532 dignam
731 2483 802 2532 pror-

118 2553 160 2584 sus
174 2538 185 2604 (
193 2553 282 2604 nempe
290 2537 449 2606 Agrippinam
458 2537 529 2602 esse)
537 2538 688 2604 imperatorii
690 2537 801 2603 frirtunti.

117 2607 224 2676 Reliqua
246 2624 330 2662 servat
352 2613 401 2661 levi
419 2612 557 2661 mutatione
575 2628 589 2659 ,ε
609 2611 681 2678 stirpe
700 2611 801 2662 nobilem

118 2682 251 2745 (eamdem
268 2685 363 2735 scilicet
378 2685 537 2754 Agrippinam
560 2685 663 2735 Nerone
679 2686 730 2736 filio
747 2686 758 2754 )
777 2685 801 2734 dr

114 2756 217 2823 firmiliae
238 2759 343 2808 Claudia
360 2777 409 2825 quae
426 2758 529 2825 posteros
546 2756 698 2828 conjungeret
717 2777 726 2810 .·
743 2759 800 2824 quia

118 2847 193 2898 quum
201 2833 336 2901 Agrippina
344 2848 388 2900 per
395 2845 491 2900 patrem
502 2843 593 2884 estete
603 2843 677 2902 gente
687 2832 809 2894 claudias
