2000 3684
255 313 326 378 214
378 275 414 358 C.
445 288 596 360 Cotto.
627 289 831 358 YActtr

251 412 323 470 inter
338 410 473 490 primores
492 409 615 468 civitatis
635 409 739 481 Nero,
762 409 866 469 bellum
885 433 932 472 an·

248 515 332 567 ceps,
349 511 385 550 art
394 513 453 565 pax
471 489 610 570 inhonesta
617 491 764 564 placeret:
783 491 931 552 needuh‘e

248 593 340 634 tatum
362 571 397 630 de
413 571 497 631 bello.
517 571 555 630 Et
572 571 705 632 Corbulo
718 591 763 632 tot
779 593 829 651 pet
845 596 932 634 annos

251 655 375 713 militum
400 672 484 734 atque
506 649 630 712 hostium
653 674 779 735 gnotus,
808 655 932 737 gerendz

249 737 290 794 rei
322 731 484 814 preficitur,
512 755 548 792 ne
578 739 655 812 cujus
678 735 794 794 alterius
823 736 931 797 inscitie

248 837 357 876 tursum
383 833 567 896 peccaretur,
599 817 667 895 quia
695 815 767 874 Paeti
796 817 929 899 piguerat.

249 897 340 981 Igitur
367 898 442 956 inriti
464 898 661 966 remittuntur,
684 917 752 954 cum
782 896 871 958 donis
890 921 929 960 tt·

249 1001 335 1050 men,
356 977 428 1037 unde
444 999 504 1056 spes
522 974 618 1048 fieret,
633 1000 694 1036 non
713 974 818 1037 frustra
836 979 929 1040 eadem

249 1079 393 1120 oraturum
414 1058 584 1130 Tiridaten,
607 1059 631 1118 si
653 1080 749 1138 preces
769 1060 832 1138 ipse
854 1081 929 1120 attu-
994 1060 995 1077 ¹

248 1143 331 1201 lisset.
355 1141 496 1222 Sytiaeque
523 1141 664 1199 exsecutio
689 1139 825 1210 Cincio,
846 1145 928 1222 copie

247 1224 382 1282 militares
402 1220 564 1282 Corbuloni
586 1222 744 1300 permissae3
764 1230 794 1280 δι
818 1225 931 1302 quinta·

247 1303 359 1362 decima
386 1303 484 1386 legio,
512 1302 632 1362 ducente
652 1302 755 1360 Matio
780 1301 897 1375 Celso,
916 1326 933 1364 ο

248 1384 398 1466 Pano-224&
420 1384 530 1462 adjecta
554 1381 601 1441 est.
623 1383 761 1442 Scribitut
784 1383 930 1446 tetratchit

249 1489 283 1526 ac
310 1467 443 1549 regibus,
472 1463 662 1545 praefefflsque
684 1473 713 1524 &
738 1469 930 1543 procuratori·

248 1547 320 1618 bus,
345 1557 373 1607 &
400 1547 449 1627 qui
474 1564 623 1626 praetotum
643 1543 783 1606 finitimas
810 1551 929 1626 provin-

170 1677 172 1681 .
248 1631 307 1691 cias
327 1629 482 1712 tegebant,
498 1629 593 1708 jussis
616 1627 778 1687 Corbulonis
801 1629 914 1708 obsequi
919 1653 929 1700 3

248 1713 278 1770 in
299 1729 409 1770 tantum
428 1708 516 1768 ferme
534 1708 653 1768 modum
671 1711 754 1768 aesta
777 1709 930 1786 potestate,

247 1813 334 1872 quem
366 1791 484 1870 populus
513 1790 661 1850 Romanus
682 1788 740 1850 Cn.
764 1789 929 1873 Pompeio,

247 1871 354 1932 bellum
376 1872 530 1930 Piraticum
554 1869 683 1954 gesturo,
710 1870 841 1933 dederat.
871 1875 927 1934 Re·

248 1973 373 2034 gressum
400 1951 530 2023 Paetum,
553 1974 642 2033 quum
658 1955 792 2034 graviora
815 1974 927 2014 metue·

247 2055 311 2104 tet,
330 2032 438 2092 facetiis
458 2034 588 2094 ἰηεεᾶειτί
607 2035 673 2093 satis
689 2030 794 2094 habuit
809 2034 928 2106 Cesar,

214 2174 215 2178 ,
248 2111 293 2175 his
311 2113 399 2174 ferme
416 2116 508 2175 verbis
527 2139 534 2172 :
554 2115 695 2194 Ignoscere
715 2137 746 2174 se
758 2116 882 2196 statim,
898 2139 928 2175 tte

248 2216 306 2256 tam
321 2215 460 2272 promptus
481 2198 512 2256 in
526 2219 659 2271 pavorem
676 2198 802 2275 longiore
819 2199 929 2258 sollici·

248 2281 343 2340 tudine
359 2297 519 2358 agresceret.

288 2361 400 2420 XXVI.
421 2361 461 2420 At
483 2359 614 2420 Corbulo
638 2356 739 2440 quatt‘a
758 2367 789 2420 &
812 2358 926 2420 duode-

248 2442 323 2503 cim&
344 2442 522 2525 legionibus,
542 2462 605 2522 quae
629 2440 787 2500 fortissimo
811 2461 926 2523 quoque

247 2527 373 2594 amisso,
392 2526 529 2583 &ceteris
546 2524 698 2593 exterritis,
722 2543 824 2601 patum
842 2521 925 2582 habi-

246 2607 288 2668 les
312 2605 409 2687 proelio
430 2605 617 2675 videbantur,
640 2605 671 2662 in
693 2603 809 2684 Syriam
835 2623 925 2664 trans·

157 2747 160 2752 .
246 2688 329 2760 latis,
353 2707 458 2747 sextam
488 2686 553 2746 inde
577 2707 610 2746 ac
632 2687 744 2744 tertiam
773 2685 923 2766 legiones;

244 2769 387 2854 integrum
408 2770 553 2842 militem,
572 2777 600 2830 &
619 2767 721 2828 ctebtis
735 2787 769 2828 ac
785 2766 922 2847 prosperis
