2000 3684
232 431 301 500 324
353 407 390 479 C.
420 407 568 478 cortu.
601 409 786 478 TAcrrr

228 533 288 593 sine
311 530 402 624 gana
423 546 472 590 aut
495 527 673 600 ambitione,
693 529 777 590 bonae
798 547 908 593 tantum

229 612 406 686 conscientiae
432 611 522 690 pretio
542 609 703 672 ducebatur.
722 613 766 670 Ac
784 612 907 694 plerique

227 714 309 756 suam
325 694 380 774 ipsi
398 693 643 764 vitamnarrare,
661 689 796 752 fiduciam
818 693 908 774 potiris

156 804 159 811 ·
228 796 360 844 morum,
374 772 461 855 quim
479 775 671 856 arrogantiam
686 772 814 834 arbitrati
826 795 907 835 sunt:

217 845 281 920 ‘trec
301 857 331 916 id
348 856 458 918 Rutilio
473 855 622 915 &Scauro
648 856 717 916 citra
735 853 844 925 fidem,
863 876 909 918 aut

228 939 429 1000 obttestatioui
456 936 511 997 fnit
535 935 635 996 :adeo
664 938 779 996 virtutes
808 935 909 998 iisdem
997 971 998 978 κ

230 1019 404 1100 temporibus
434 1017 544 1099 optime
575 1015 771 1090 aestimantur,
804 1019 909 1099 'quibus

229 1101 367 1162 facillime
379 1102 543 1183 gignuntur.
560 1099 600 1159 At
614 1096 687 1158 milri
703 1121 798 1170 nunc,
818 1123 911 1161 narra-

230 1202 293 1244 turo
312 1185 402 1244 vitam
418 1181 546 1241 defunsti
568 1178 713 1252 hominis,
734 1177 820 1242 venial
840 1204 909 1262 opus

229 1263 285 1326 fuit
310 1288 318 1322 r
339 1285 427 1344 quam
451 1285 512 1323 non
532 1263 679 1342 perissem,
703 1264 733 1322 ni
755 1282 910 1324 cursaturur

228 1364 289 1406 tam
302 1367 391 1417 saeva,
402 1355 429 1406 δι
442 1341 542 1405 infesta
550 1345 697 1414 virtutibus
708 1364 848 1424 tempora.

269 1427 318 1488 Il.
346 1428 501 1510 Legimus,
524 1446 613 1508 quum
640 1426 766 1486 Aruleno
793 1425 912 1486 Rustico

229 1509 321 1575 Paetus
338 1505 486 1580 Thrasea,
503 1507 650 1572 Herennio
671 1508 827 1570 Senecioni
840 1508 912 1568 Pris-

228 1613 279 1652 cus
309 1590 463 1653 Helvidius
496 1589 605 1649 laudari
635 1610 754 1664 essent,
788 1591 912 1669 capitale

229 1672 337 1746 fuisse3
365 1693 457 1754 neque
485 1673 516 1735 in
545 1672 619 1752 ipsos
642 1671 731 1731 modi>
758 1675 886 1738 audiores,
898 1717 908 1744 ,

231 1755 282 1817 sed
308 1757 338 1819 in
371 1755 459 1816 libros
488 1774 602 1834 quoque
631 1774 728 1812 eorum
758 1755 909 1824 sevirum,

229 1834 362 1919 delegato
383 1837 534 1896 triumviris
548 1832 701 1894 ministerio
719 1881 728 1906 ,
749 1855 781 1895 ut
800 1829 907 1896 mouri·⁴

229 1935 327 1977 menta
352 1917 568 1976 clarissimorum
591 1919 770 2001 ingeniorum
801 1919 833 1976 in
860 1938 910 1976 co-

230 1999 315 2061 mitio
336 2018 370 2062 ac
388 1997 456 2062 foro
468 2017 617 2060 uterentur.
637 1999 823 2062 Scilicetillo
842 2000 908 2082 igne

230 2101 333 2142 vocem
352 2080 450 2161 populi
467 2079 617 2154 Romani,
636 2089 663 2142 δι
681 2080 840 2144 libertatem
862 2102 907 2140 se-

210 2161 335 2235 nariis,
367 2171 395 2222 &
421 2156 626 2226 conscientiam
654 2164 761 2246 generis
788 2159 909 2222 humani

230 2245 339 2307 aboleri
377 2244 612 2316 arbitrabantur,
645 2245 765 2324 expulsis
798 2245 912 2324 insuper

230 2327 372 2405 sapientia
392 2324 616 2405 professoribus,
633 2344 716 2408 atque
734 2327 816 2386 ornni
832 2323 909 2404 boni
933 2349 935 2354 ·

231 2428 289 2466 arte
311 2410 340 2466 in
365 2406 492 2470 exsilium
518 2403 603 2479 acii,
631 2427 667 2466 ne
692 2405 760 2490 quid
789 2427 909 2487 usquam-

230 2486 381 2551 honestum
410 2506 573 2548 occurreret.
603 2487 742 2547 Dedimus
779 2486 911 2568 profedid

231 2570 337 2653 grande
360 2571 505 2649 patientiae
532 2568 756 2640 documentum,
782 2579 810 2629 &
837 2572 908 2632 sicut

230 2671 309 2725 vetus
327 2671 391 2720 aetas
409 2651 500 2722 vidit,
524 2649 594 2732 quid
610 2650 742 2712 ultimum
766 2651 796 2710 in
817 2650 905 2730 liber-

230 2752 288 2794 rate
297 2734 431 2804 esset,ita
439 2754 491 2792 nos
499 2731 568 2813 quid
578 2733 607 2792 in
617 2731 909 2812 servitute,adempro

225 2810 278 2873 'er
310 2815 533 2898 inquisitiones,
566 2821 593 2880 δι
619 2813 755 2894 loquendi
784 2813 905 2874 audien·
984 2843 989 2860 ·

230 2835 316 2983 dique
356 2897 540 2962 commercio.
574 2895 749 2958 Memoriam
793 2914 909 2982 quoque

589 3381 792 3606 s
