2000 3684
180 330 429 401 Arrunrrorr
455 335 538 404 Lrn.
565 335 645 406 XV.
688 351 754 426 223

78 449 186 522 ulitur,
208 452 293 512 simul
312 471 417 532 coeptus
434 455 531 534 ignis,
550 463 579 516 dr
599 453 692 518 stetim
711 480 765 520 ve·

78 533 176 602 lidus,
198 554 230 592 ac
251 553 338 592 vento
351 536 439 606 citus,
454 537 662 619 longitudinem
678 539 762 600 Circi

78 615 217 694 corripuit
239 637 246 672 r
269 617 456 696 nequeenim
478 615 581 678 domus
598 623 762 681 munimen-

80 697 119 755 tis
142 715 244 776 septae,
268 697 313 757 vel
335 699 440 777 templa
463 701 551 760 muris
573 701 690 772 cinth,
714 721 764 764 aut

79 776 155 858 quid
172 777 251 837 aliud
269 798 355 838 morae
369 781 558 859 interjacebat
571 780 683 863 Impetu
694 803 761 863 per-

80 877 222 952 vagatum
263 859 454 932 incendium,
491 863 577 942 plana
608 864 731 944 primdm
750 912 764 936 ,

81 938 188 1001 deinde
215 942 244 998 in
266 940 341 1000 edita
360 941 528 1026 adsurgens,
547 952 575 1004 δι
592 965 701 1004 rursum
719 948 766 1006 in·

79 1016 187 1081 seriora
210 1018 398 1100 popunndo,
423 1025 523 1084 anteiit
546 1025 671 1086 remedia
688 1028 767 1088 velo·

80 1104 169 1162 citare
189 1103 278 1172 mali,
298 1113 326 1166 δι
344 1103 470 1164 obnoxii
490 1105 558 1166 urbe
578 1111 645 1168 artis
660 1109 767 1168 itineri-

81 1184 162 1256 bus,
185 1180 296 1265 hucque
316 1194 344 1246 dr
362 1187 429 1248 illuc
449 1189 547 1260 deris,
567 1207 653 1271 atque
675 1210 763 1250 enor-

80 1267 179 1339 mibus
203 1267 295 1338 vicis,
316 1267 407 1348 qualis
426 1287 506 1330 verus
519 1269 614 1331 Roma
633 1271 696 1332 fuit.
715 1271 765 1334 Ad

82 1345 140 1406 boc
154 1348 278 1408 lamenta
293 1349 455 1426 paventium
474 1349 669 1424 feminarum,
691 1353 765 1416 fessa

80 1450 183 1490 senum
197 1451 229 1490 ac
242 1429 317 1490 rudis
334 1433 457 1509 pueritiae
470 1451 554 1504 aetus,
566 1437 616 1515 qui
637 1455 672 1496 ue
685 1437 762 1507 sibi,

80 1514 189 1592 quique
210 1512 271 1570 aliis
287 1513 488 1586 consulebant,
501 1515 571 1574 dum
587 1457 703 1576 tribunt
713 1519 763 1576 in·

80 1593 217 1663 validos,
247 1611 294 1652 aut
317 1596 518 1674 opperiuntur,
542 1617 605 1675 pars
627 1619 764 1670 morans,

79 1696 145 1755 pars
177 1673 330 1746 festinans,
357 1679 458 1736 cundia
483 1676 678 1757 impediebant
701 1701 708 1736 ε
734 1689 763 1742 dt

77 1776 173 1837 saepe,
200 1756 268 1816 duni
292 1758 321 1816 in
340 1775 450 1839 tergum
470 1762 647 1838 respediant,
667 1760 762 1822 leteri-

78 1839 132 1898 bus
159 1857 209 1897 aut
237 1837 329 1898 fronte
353 1841 672 1901 circumveniebantur:
696 1844 762 1915 vel,

77 1921 101 1980 si
122 1922 154 1978 in
176 1921 305 2000 proxima
319 1941 480 1993 evaserant,
502 1923 559 1985 iliis
571 1925 710 2006 quoquei
732 1926 763 1986 ni

75 2003 235 2080 correptis,
260 2003 363 2074 etiam,
391 2023 451 2084 qun
475 2004 633 2088 longinque
664 1943 759 2066 creii⁴

76 2083 210 2154 derant,
245 2084 274 2144 in
308 2085 409 2144 eodem
450 2106 517 2146 cusu
545 2087 761 2165 reperiebantur.

75 2163 245 2236 Postremi),
273 2166 342 2246 quid
367 2168 515 2242 vitarent,
537 2166 606 2247 quid
639 2187 762 2246 peterent

76 2246 233 2328 ambigui,
248 2249 390 2326 complere
402 2249 462 2306 vias
473 2245 580 2326 ,sterni
595 2269 642 2326 per
656 2269 739 2330 agros
754 2274 762 2308 ε

77 2327 203 2409 quidam
236 2330 342 2388 amissis
366 2329 500 2388 omnibus
524 2327 644 2390 fortunis
670 2331 764 2392 diurni

79 2429 202 2490 quoque
220 2408 309 2469 vidiuis
321 2453 330 2481 ‚
344 2410 393 2470 aiii
412 2413 527 2470 caritate
541 2431 676 2483 suorum,
694 2433 766 2493 quos

79 2493 190 2570 eripere
229 2493 443 2572 nequiverant,
485 2493 616 2573 quamvis
654 2513 766 2574 patente

78 2571 218 2656 effugio,
240 2575 376 2634 interiere.
400 2571 463 2634 Ne'c
486 2576 636 2655 quisquam
658 2574 761 2636 defen-

80 2655 149 2714 dere
179 2654 324 2725 audebat,
359 2657 459 2716 crebris
493 2657 648 2715 multorum
679 2657 765 2718 minis
807 2725 810 2730 ,

80 2734 253 2818 restinguere
288 2733 526 2815 prohibentium,
556 2746 583 2797 δι
616 2739 684 2819 quia
714 2739 764 2799 elii

80 2819 183 2900 palam
201 2817 276 2878 feces
284 2819 445 2898 jaciebant,
462 2836 546 2900 atque
558 2839 616 2879 esse
630 2819 687 2879 sibi
696 2841 764 2882 auc-

605 2897 678 2962 Kiv
