2000 3684
167 327 420 398 Aumatium
444 325 530 396 Lm.
555 327 641 397 XII.
700 349 739 420 5¹

99 447 186 510 XXI.
213 447 349 508 Traditus
371 445 432 528 post
451 443 510 508 haec
530 443 712 511 Mithridates
731 497 743 524 ,

59 535 213 612 vestrisque
235 529 361 590 Romam
380 550 427 612 per
447 529 563 590 Junium
584 529 745 606 Cilonem,

59 631 273 695 procuratorem
292 611 398 686 Ponti,
419 610 557 685 ferocids,
580 611 667 695 quim
689 635 743 695 pro

58 693 200 766 fortuna,
224 693 380 754 disseruisse
403 693 478 776 apud
501 693 645 756 Caesarem
663 695 742 756 fete-

58 777 152 836 batur.
170 776 310 858 Elataque
330 797 386 836 vox
406 781 463 854 ejus
481 777 512 836 in
528 777 647 860 vulgum
665 775 744 838 hisce

57 859 174 919 verbis:
186 857 253 918 Non
268 881 330 917 sum
345 857 476 917 remissus
490 859 530 916 ad
537 877 583 932 te,
594 862 644 919 sed
653 880 744 921 rever-

56 963 107 1000 sus
123 964 134 999 .·
147 941 211 1010 vel,
222 941 251 998 si
264 963 318 998 non
333 939 440 1010 credis,
451 940 580 1011 dimitte,
595 937 622 1000 ἃ
635 962 744 1021 quare.-

58 1022 142 1082 vultu
169 1041 283 1104 quoque
309 1023 435 1081 interrito
461 1021 634 1102 permansit,
653 1043 744 1104 quum

57 1101 148 1162 rostra
166 1108 262 1183 juxta,
285 1100 446 1162 custodibus
466 1102 679 1176 circumdatus,
702 1106 746 1166 vi·

58 1187 102 1245 sui
122 1185 232 1265 populo
244 1183 416 1264 piaberetur.
436 1183 608 1246 Consulatia
618 1187 744 1272 insignia

59 1267 187 1338 Ciloni,
206 1266 234 1326 A
255 1266 318 1325 uilae
340 1267 468 1347 pratoria
493 1266 686 1329 decernuntur.

100 1347 202 1408 XXII.
231 1287 336 1408 iisdem
365 1345 548 1422 consulibus,
576 1369 656 1409 atrox
679 1348 744 1412 odii

58 1431 245 1514 Agrippina,
265 1450 298 1490 ac
317 1429 416 1490 Lollia
438 1429 570 1502 infensa,
592 1429 671 1514 qudd
693 1453 741 1491 se-

60 1533 125 1572 cum
147 1509 183 1571 de
205 1512 389 1590 matrimonio
408 1512 542 1594 principis
564 1515 744 1585 cenavisset,

60 1595 180 1668 molitur
211 1595 352 1664 crimina,
378 1602 406 1654 δι
432 1612 656 1665 accusatorem,
691 1594 745 1676 qui

60 1675 200 1756 objiceret
220 1673 378 1746 chaldaeos,
397 1697 512 1754 magos,
532 1675 743 1755 interrogatum·

58 1779 109 1836 que
137 1756 288 1832 Apollinis
321 1757 408 1818 clarii
435 1756 634 1830 simlacrum,
662 1780 745 1834 supet

59 1841 171 1914 nuptiis
182 1840 364 1914 imperatoris.
385 1837 460 1899 Exin
474 1837 634 1910 Claudius,
654 1840 742 1900 inau-

60 1919 121 1980 diti
141 1919 213 1992 rei,
236 1921 324 1981 muita
340 1919 377 1981 de
400 1920 565 1981 claritudine
587 1926 646 2001 ejus
667 1921 744 2003 apud

57 2022 193 2064 senatum
208 2001 356 2082 praefatus,
373 2025 464 2062 sorore
482 2001 516 2063 L.
543 2003 659 2064 Volusii
664 2007 745 2084 geni·

60 2103 140 2156 tam,
165 2087 297 2167 majorem
313 2085 340 2144 ei
352 2104 482 2160 patruum
500 2088 607 2145 cottam
621 2083 746 2146 Messal-

56 2168 243 2237 immersa,
261 2165 397 2226 Memmio
415 2169 548 2244 quondam
558 2166 663 2246 Regulo
672 2175 744 2243 nupss

58 2267 119 2308 tam
141 2253 239 2320 (nam
255 2248 289 2308 de
302 2247 339 2328 C..
354 2247 472 2310 Caesaris
489 2249 592 2328 nuptiis
612 2247 742 2309 consultd

58 2333 226 2405 reticebat)
248 2329 376 2402 addidit,
393 2330 552 2404 perniciosa
571 2329 602 2387 in
623 2331 743 2404 rempub.

59 2412 209 2484 consilia,
226 2409 252 2472 d?
271 2413 410 2472 materiem
428 2412 525 2472 sceleri
541 2411 742 2473 detrahendam.

58 2493 174 2566 Proin,
192 2493 345 2569 publicatis
359 2493 454 2564 bonis,
473 2496 576 2553 cederet
588 2494 686 2552 Italia.
698 2493 744 2555 Ita

58 2577 255 2659 quinquagies
272 2575 424 2636 sestertium
444 2595 478 2633 ex
496 2574 598 2656 opibus
616 2578 744 2636 immen-

56 2661 96 2720 sis
121 2659 212 2718 exsuli
232 2655 370 2718 relictum.
389 2657 427 2717 Et
447 2655 603 2738 Calpurnia
624 2656 747 2720 inlustris

56 2741 173 2801 femina
194 2741 376 2821 pervertitur,
391 2741 458 2822 quia
477 2737 601 2799 formam
612 2744 670 2820 ejus
682 2741 746 2800 lau-

54 2824 181 2885 daverat
217 2822 376 2904 princeps,
399 2820 486 2883 *nulla
515 2820 665 2964 libidine,
697 2819 746 2883 sed

601 2923 621 2982 ¹]
