2000 3684
201 274 271 363 '338
333 268 370 336 C.
398 264 547 333 conr.
579 256 784 325 TAcrrr

201 387 325 449 hostium
340 403 447 452 novus,
463 377 554 460 ebque
573 372 743 457 poenitentiae
764 367 889 442 mitior,

201 468 367 548 compositis
394 461 552 544 prioribus,
580 453 653 516 nihil
682 449 755 511 ultra
781 469 890 518 ausus,
997 497 998 524 ἶ

201 550 347 612 Trebellio
378 545 513 606 Maximo
546 536 721 620 provinciam
755 528 888 589 tradidit.

200 631 361 694 Trebellius
373 627 504 710 segnior,
519 629 546 681 δι
564 618 647 680 nullis
667 612 825 673 castrorum
844 630 894 667 ex-

202 712 397 796 perimentis,
432 705 566 765 comitate
606 697 730 780 quadam
767 689 892 750 curandi

201 794 379 879 provinciam
403 789 501 847 tenuit
526 781 660 844 Didicere
687 783 747 854 jam
773 773 897 833 barbari*

204 895 319 960 quoque
338 875 482 956 ignoscere
505 864 583 925 vitiis
600 853 814 924 blandientibus
834 877 841 910 ε
864 861 894 912 δε

205 962 376 1020 interventus
418 950 545 1010 civilium
587 959 730 1002 armorum
770 934 894 1015 praebuit

205 1039 308 1123 justam
324 1034 449 1118 segnitia:
465 1027 673 1089 excusationem
697 1045 703 1078 :
719 1016 768 1078 sed
780 1016 895 1074 discor·

207 1121 255 1183 dit
275 1119 454 1184 laboratum,
469 1129 559 1192 quum
576 1105 705 1166 adsuetus
726 1097 894 1178 expeditio-

207 1205 291 1264 nibus
300 1200 382 1260 miles
389 1197 452 1255 otio
465 1191 613 1260 lasciviret.
627 1181 805 1249 Trebellius,
823 1174 894 1259 fuga

207 1307 242 1346 ac
259 1282 370 1343 latebris
391 1273 480 1337 vitati
501 1265 635 1330 exercitirs
657 1263 719 1332 iri,
741 1259 895 1322 indecorus

209 1386 294 1447 atque
314 1359 446 1429 humilis,
468 1353 593 1436 precario
617 1367 684 1406 mox
705 1339 843 1424 praefuit3
862 1359 895 1398 ac

210 1451 288 1509 velut
308 1444 384 1526 paeri
395 1485 405 1512 ,
425 1437 559 1498 exercitus
579 1429 746 1493 licentiam,
769 1421 829 1480 dux
850 1441 898 1479 sa«

211 1533 301 1590 lutem
325 1522 414 1584 :haec
434 1518 535 1580 seditio
557 1515 616 1573 sine
643 1507 781 1590 sanguine
804 1500 895 1567 'stetin

213 1613 278 1674 Nec
299 1607 418 1668 Velleius
437 1601 559 1663 Bolanus
570 1641 589 1669 ,Ι
603 1585 781 1652 manentibus
803 1579 898 1643 adhuc

215 1693 345 1753 civilibus
366 1686 465 1754 bellis,
489 1677 608 1763 agitavit
631 1669 808 1736 Britanniam
835 1663 896 1722 dis·

205 1773 293 1857 plina
318 1795 326 1827 :
347 1767 447 1829 eadem
465 1761 565 1822 inertia
582 1775 648 1838 erga
668 1748 780 1817 hostes,
797 1745 898 1806 similis

217 1853 372 1938 petulantia
390 1845 540 1908 castrorum
563 1863 570 1896 t
589 1839 644 1898 nisi
662 1829 740 1915 qubd
760 1831 897 1887 innocens

218 1938 360 2005 Bolanus,
386 1940 414 1991 &
438 1926 522 1987 nullis
545 1919 654 1982 deliciis
674 1915 805 1980 invisus,
831 1908 898 1966 cari·

219 2037 307 2080 tatem
324 2027 468 2095 paraverat
487 2008 553 2066 loco
572 1996 753 2060 aucloritatis,

261 2097 360 2160 XVII.
385 2092 441 2155 Sed
464 2088 515 2148 ubi
533 2105 597 2144 cum
621 2098 712 2139 cetero
733 2072 802 2132 orbe
824 2069 900 2128 Ves*

222 2185 352 2266 parianus
376 2186 405 2238 δε
428 2169 602 2234 Britanniam
627 2156 816 2240 reciperavit3
842 2171 902 2208 ma*

224 2267 275 2348 gni
295 2263 396 2330 duces,
412 2253 518 2340 egregii
539 2245 689 2310 exercitus,
709 2238 820 2298 minuta
838 2229 901 2288 bos⁴

224 2351 298 2407 tium
332 2363 393 2424 spes
423 2361 430 2395 ε
456 2343 483 2396 &
511 2347 643 2390 terrorem
678 2319 773 2382 statim
805 2311 901 2371 intulit

224 2428 342 2488 Petilius
368 2417 512 2484 Cerialis,
535 2411 702 2492 Brigantum
730 2399 901 2462 civitatem,

226 2531 289 2590 quae
310 2498 538 2568 numerosissima
562 2486 711 2571 provincia
733 2480 820 2540 totius
839 2491 901 2554 per-

228 2589 358 2661 hibetur,
378 2584 520 2667 adgressus
537 2597 543 2630 ε
568 2571 657 2630 multa
676 2562 792 2646 proelia,
807 2565 834 2617 ει
851 2553 903 2614 ali·

229 2671 345 2754 quando
366 2688 425 2728 non
443 2665 608 2723 incruentas
629 2659 821 2732 magnamque
843 2635 905 2696 Bri·

231 2771 350 2844 ganeum
367 2761 475 2835 partem
488 2759 535 2803 aut
546 2730 664 2797 viltone
680 2725 842 2806 amplexus,
858 2731 905 2776 aut
