2000 3684
151 279 400 367 Antiatium
423 281 508 352 Lm.
533 283 633 356 XIV.
677 309 740 378 143

70 400 109 463 est
120 445 132 474 ‚
155 425 217 483 quae
235 401 406 482 puellaribus
427 403 510 464 annis
534 401 656 484 stuprum
676 427 743 470 cum

68 483 198 564 Lepido,
230 504 278 563 spe
308 483 538 554 dominationis,
569 485 743 562 admiserat,

69 568 129 647 pari
141 563 271 646 cupidine
287 586 374 646 usque
386 563 424 624 ad
435 565 516 626 libita
534 565 666 628 Pallantis
679 591 743 651 pro-

67 648 182 717 voluta,
200 655 228 706 &
244 647 364 708 exercita
379 645 417 708 ad
429 667 516 708 omne
531 649 672 732 flagitium
685 671 741 734 pa-

68 732 121 788 tmi
140 729 254 809 nuptiis.

107 809 187 887 111.
210 809 301 892 Igitur
326 809 404 870 Nero
431 811 520 871 vitare
540 829 660 872 secretos
685 817 745 892 ejus

69 913 262 974 congressus:
285 891 483 952 abscedentem
507 894 536 954 in
558 890 674 964 hortos,
695 914 745 956 aut

66 972 279 1044 Tusculanum,
306 974 354 1034 vel
383 975 532 1048 Antiatem
563 977 592 1034 in
621 995 745 1056 agrum,

35 1097 39 1131 :
65 1054 200 1125 laudate,
216 1055 290 1132 quid
304 1058 390 1114 otium
404 1058 557 1116 lacesseret.
577 1055 746 1130 Postremi,

33 1136 37 1185 .’
68 1137 241 1216 ubicumque
265 1133 431 1208 haberetur,
456 1157 626 1220 praegravem
649 1157 745 1212 ratus,

37 1237 39 1249 ·
65 1216 221 1278 interficere
238 1216 397 1278 constituit:
412 1216 546 1280 haetenus
561 1220 721 1282 consultans
730 1265 746 1292 .

65 1322 190 1369 veneno,
206 1299 345 1378 anferre,
358 1302 408 1362 vel
414 1302 467 1378 que
478 1302 538 1360 alid
548 1303 580 1362 νί
595 1326 604 1360 .·
617 1303 746 1382 placuit-

68 1402 124 1462 que
154 1378 248 1462 primi)
282 1400 431 1442 venenum.
459 1382 518 1442 Sed-
548 1383 619 1442 inter
647 1384 746 1462 epulas

66 1464 202 1543 principis
220 1464 243 1522 si
261 1462 392 1532 datenu,
410 1461 506 1522 referri
524 1462 561 1522 ad
574 1485 670 1524 casum
684 1485 746 1526 non

66 1564 194 1625 poterat,
208 1545 259 1604 tali
277 1549 336 1623 jam
351 1545 505 1604 Britannici
523 1546 630 1616 exiti03
649 1554 676 1604 &
690 1547 747 1604 mi·

65 1623 168 1686 nistros
186 1644 292 1686 tentare
304 1625 422 1687 arduum
439 1625 588 1687 videbatur
601 1625 747 1698 mulieris,

65 1728 118 1768 usu
132 1707 268 1768 sceletum
282 1707 412 1768 adversus
424 1706 539 1767 insidias
552 1708 664 1766 intentae
681 1711 746 1768 :at-

63 1811 123 1870 que
147 1791 208 1870 ipsa
236 1789 430 1868 praesumendo
454 1787 579 1848 remedia
606 1789 745 1850 munierat

65 1892 179 1951 eorpus.
207 1870 320 1933 Ferrum
344 1881 372 1931 &
395 1869 481 1932 cades
503 1890 629 1952 quonam
655 1869 745 1932 modo

64 1953 277 2023 occultaretur,
300 1973 386 2012 nemo
415 1952 568 2032 reperiebat
593 1975 599 2010 ε
626 1959 653 2014 δι
665 1995 675 2023 ,
707 1972 746 2012 ue

65 2036 149 2116 quis,
161 2033 204 2094 illi
217 2053 296 2094 tanto
306 2032 428 2094 facinoti
438 2033 576 2104 delectus,
588 2036 661 2110 jussa
673 2053 747 2112 spet-

64 2135 165 2188 neret‚
190 2115 341 2184 metuebat.
370 2115 486 2175 Obtulit
509 2115 656 2205 ingenium
675 2113 746 2174 Ani-

64 2217 144 2258 cetus
162 2197 296 2267 libertus,
314 2198 395 2267 classi
415 2195 489 2275 apud
510 2195 656 2256 Misenum
679 2215 747 2274 pre-

63 2279 176 2348 fectus,
200 2287 228 2340 &
249 2281 371 2358 pueritie
390 2277 514 2338 Neronis
535 2275 687 2344 educator,
711 2295 746 2334 ac

63 2363 175 2420 mutuis
187 2360 262 2421 odiis
280 2361 442 2444 Agrippinae
460 2358 576 2418 invisus.
593 2355 672 2440 Ergo
692 2378 745 2416 na-

63 2467 131 2506 vem
142 2464 233 2517 posse,
240 2444 364 2516 componi
380 2440 479 2511 docet,
496 2441 573 2518 eujies
582 2461 651 2512 pars
657 2483 670 2509 ,
684 2437 747 2512 ipso

64 2527 99 2597 ἰιι
112 2525 191 2582 man'
198 2545 251 2597 per
261 2542 350 2592 amm
364 2524 456 2583 soluta
466 2567 477 2593 ,
495 2520 640 2598 effunderet
659 2521 744 2598 igna-

62 2629 127 2666 ram
149 2631 161 2666 .·
182 2605 259 2665 nihil
272 2621 330 2664 tam
349 2623 436 2678 capax
449 2603 646 2682 ffimuitormn,
665 2599 747 2677 quum

63 2712 162 2759 mure,
182 2684 209 2747 ἃ.
227 2687 257 2746 si
269 2686 420 2764 ιιιιιςῆιιςὶθι
431 2686 577 2757 intercepta
593 2683 652 2752 sit,
669 2704 745 2758 quem

64 2776 134 2836 adeo
155 2771 302 2848 iniquum,
330 2787 360 2838 ut
379 2766 476 2830 sceleri
498 2765 648 2844 adsignet,
675 2764 747 2844 quoe
