2000 3684
139 321 377 398 Aumatium
402 327 487 396 lta.
513 327 577 396 XI.
663 333 711 414 23·
737 350 743 372 ·

58 461 99 502 nos
110 465 287 523 regnaverunt.
308 449 509 510 Libentinmum
520 449 595 526 filiis
613 448 715 526 magis·

57 539 131 584 tracus
143 532 278 601 mandari,
291 553 345 604 non
355 576 368 601 ,
382 548 412 588 ut
422 532 544 606 plenique
549 530 712 606 falluntur,

57 625 155 678 repens,
173 614 221 670 sed
227 614 314 687 priori
328 613 429 687 pupulo
440 611 601 689 fhilitatum
614 611 657 750 ιβ.
671 610 716 670 At

56 707 104 746 cum
115 687 259 753 Senonibus
268 695 451 774 pugnauimus
465 715 475 750 .·
492 693 598 751 scilicet
646 693 717 751 olsci

57 762 191 847 liliati,
211 797 353 852 numquam
372 778 517 834 adversam
533 773 612 832 nobis
631 776 718 832 aciem

54 849 183 986 issntxere
202 858 215 912 Ι
237 859 315 932 Capti
333 878 351 914 a
373 856 468 915 Gallis
487 876 581 914 sumus
603 857 678 913 :sed
688 851 719 915 ἃ

83 934 146 991 ustis
164 934 267 998 obsides
287 938 430 1006 dedimus,
448 933 657 996 &Samnitium
669 937 718 1014 jn·

53 1032 107 1087 gum
117 1013 274 1078 subivimus.
294 1018 428 1080 Attamen
444 1020 472 1077 si
485 1023 578 1078 sunna
590 1015 662 1076 bella
675 1039 719 1078 re·

55 1113 170 1167 censeas,
183 1102 289 1160 nullum
301 1101 423 1160 breviore
435 1101 548 1173 spatio,
571 1097 651 1175 quiam
671 1101 720 1157 ad-

55 1194 139 1236 versus
154 1179 252 1241 Gallos
260 1229 271 1254 ,
284 1183 429 1260 confetlum
445 1205 454 1238 .·
469 1182 598 1239 continua
610 1182 673 1240 inde
687 1201 722 1240 uc

50 1256 100 1333 fidu
114 1282 178 1332 pax.
193 1263 258 1323 iam
278 1263 417 1333 nuribus,
438 1263 562 1333 artibus,
576 1261 722 1341 affinitati-

56 1336 96 1396 bus
112 1344 203 1422 utfinis
226 1347 330 1418 mixti,
344 1367 438 1403 aurum
453 1340 479 1402 ἃ
495 1365 559 1418 opes
571 1365 638 1401 suas
651 1345 722 1421 infe·

54 1439 107 1478 rant
111 1424 218 1496 potius,
229 1426 312 1504 quiam
320 1427 442 1500 separati
450 1424 577 1484 habeant.
598 1425 722 1496 Omnia,

53 1520 133 1572 patres
162 1509 313 1584 cunctipti
325 1554 335 1578 ,
360 1529 416 1584 qun
440 1528 510 1565 nunc
541 1508 725 1587 uetustissima

55 1587 204 1660 creduntur,
224 1611 301 1651 nova
312 1589 392 1667 ficere
416 1611 426 1646 .·
445 1587 535 1661 plebei
554 1588 726 1667 magistratus

52 1668 100 1745 post
108 1673 240 1740 patricios
265 1694 275 1728 .·
290 1670 388 1730 Latini
396 1670 455 1750 post
463 1669 583 1742 plebeios
599 1691 609 1725 .·
623 1687 728 1727 cetera‘

57 1765 106 1804 nun
121 1750 210 1810 ltalia
221 1753 345 1832 gentium
353 1752 412 1832 post
428 1750 553 1809 Latinos.
571 1750 727 1810 inveteras-

55 1846 90 1887 cet
100 1829 146 1891 hoc
158 1855 262 1912 quoque
284 1856 294 1892 t
310 1829 336 1892 ἃ
350 1835 421 1910 quod
431 1831 509 1894 hodie
521 1832 652 1906 :uenalis
671 1849 727 1892 tut·

57 1929 124 1981 mur,
146 1916 222 1976 inter
243 1915 367 1988 exempla
386 1916 448 1973 erit.

88 1991 183 2058 XXV.
208 1996 383 2058 Orationem
405 1996 538 2074 principis
559 2014 654 2054 secuto
677 2015 730 2075 pa-

57 2087 120 2134 tum
136 2079 293 2147 consulto,
312 2078 396 2156 primi
410 2075 502 2136 AEdui
521 2096 681 2136 senatorum
699 2079 738 2143 in,

58 2154 114 2216 urbe
138 2163 183 2238 jus
214 2159 313 2237 adepti
339 2176 403 2217 sunt
428 2157 554 2217 :datum
577 2158 608 2218 id
632 2157 732 2219 foederi

56 2240 186 2321 antiquo,
210 2250 241 2312 &t
270 2240 336 2321 quia
356 2239 410 2298 soli
428 2238 579 2298 Gallorum
603 2238 733 2298 fraterni-

58 2321 113 2379 tatis
137 2344 251 2382 nomen
279 2341 342 2381 cum
367 2320 473 2400 populo
496 2321 631 2380 Romano
655 2341 735 2380 usur-
807 2333 823 2348 ²

56 2403 123 2477 pani.
138 2403 252 2464 lisdem
271 2402 368 2462 diebus
389 2403 419 2460 in
433 2422 581 2461 numerum
594 2404 732 2483 patricio·

58 2500 111 2543 rum
129 2486 260 2546 adscivit
280 2484 376 2545 Caesar
393 2481 612 2542 vetustissimum
634 2504 735 2566 quem-

76 2585 103 2625 ue
125 2588 141 2628 e
164 2587 291 2637 senatu,
316 2583 363 2624 aut
391 2566 493 2645 quibus
520 2565 587 2624 clari
610 2585 736 2644 parentes

57 2582 160 2709 iterant
183 2673 191 2707 :
214 2650 315 2730 paucis
329 2651 388 2725 jam
406 2647 520 2728 reliquis
540 2645 711 2706 familiarum
722 2693 735 2717 ,

58 2747 119 2808 quas
139 2731 291 2791 Romulus
307 2729 454 2808 majorum,
474 2738 502 2788 &
515 2727 549 2788 L.
563 2729 661 2789 Brutus
682 2730 743 2786 mi··

57 2832 144 2874 uorum
178 2813 311 2895 gentium
340 2811 573 2892 appellaverant3
600 2807 741 2871 exhaustis
