2000 3684
248 365 315 431 ¹42
363 336 407 410 ¹0.
435 339 583 409 coen.
615 337 803 406 Tncrrr

249 462 336 544 Qudd
348 463 376 521 si
388 483 485 520 nurum
494 457 652 538 Agrippina
664 479 720 516 non
735 457 797 516 nisi
805 457 876 535 filio
892 455 931 516 in·

237 547 337 626 festam
347 543 423 621 ferre
437 560 549 616 posset,
571 542 700 598 reddatur
720 539 787 612 ipsa
807 538 930 597 Othonis

243 626 370 706 conjugio
390 624 514 682 :ituram
525 622 627 699 quoqub
647 639 802 689 terrorum,
814 621 865 678 ubi
879 643 929 678 au·

244 707 317 764 diret
330 703 425 781 poeiics
439 703 617 763 contumelias
631 703 833 776 imperatoris,
856 710 932 779 quiem

245 788 350 848 uiseret
358 833 370 860 ,
380 785 512 861 periculis
526 785 584 865 ejus
596 784 743 842 ,irnrnixm
759 783 835 842 Haec
851 803 930 862 atque

246 869 335 939 talia,
355 866 485 948 lacrymis
507 874 535 925 &
556 883 613 923 arte
634 864 765 924 adulterae
786 884 932 943 penetrem·
973 911 977 920 .

247 951 307 1021 tia,
329 970 415 1008 nemo
437 945 625 1027 prohibebat3
644 945 825 1024 cupientibus
849 967 931 1004 cime-

246 1033 284 1090 tis
299 1029 417 1111 infringi
435 1030 533 1087 matris
553 1029 735 1108 potentiam,
754 1036 784 1086 &
802 1026 930 1086 credente

248 1112 347 1182 nullo,
367 1131 454 1190 usque
470 1108 508 1168 ad
522 1107 627 1182 c'ecdem
643 1112 703 1188 ejus
725 1106 863 1168 durante
883 1107 932 1166 filii

248 1192 326 1252 odia.

289 1273 336 1332 ΙΙ.
361 1269 464 1330 ‘lindie
496 1269 638 1341 Cluvius,
664 1273 760 1330 ardore
786 1271 933 1330 recinenda

246 1353 433 1433 Agrippinam
452 1353 583 1426 potentia
603 1353 634 1411 eb
654 1375 736 1430 usque
756 1359 933 1424 provectam,

249 1455 280 1494 ut
297 1435 384 1494 medio
398 1437 454 1494 diei
463 1481 475 1504 ,
495 1456 576 1512 quum
595 1435 627 1492 id
641 1435 773 1508 temporis
795 1435 876 1493 Nero
884 1456 936 1508 per

249 1518 347 1579 vinum
361 1513 493 1590 &epulas
512 1516 700 1587 incalesceret,
719 1513 830 1592 offerret
841 1539 873 1575 se
886 1537 934 1574 sae-

246 1601 314 1675 pius
327 1600 470 1657 temulento
482 1615 632 1670 comptam,
647 1593 673 1656 ἃ
687 1597 784 1677 incesto
793 1616 934 1672 paratam.

249 1681 364 1756 Jamque
383 1679 492 1737 lasciva
510 1678 625 1748 oscula,
647 1673 674 1736 ἃ
692 1679 866 1750 pronuncias
881 1681 937 1757 fla-

248 1761 318 1841 giril
350 1760 523 1829 blanditias,
550 1758 745 1817 adnotantibus
767 1760 938 1834 proximis;

252 1841 384 1900 Senecam
403 1859 497 1899 contra
519 1839 660 1899 muliebres
675 1841 825 1900 inlecebras
844 1841 938 1900 subsi-

252 1921 840 2000 diumafeminapetioisse:immissamque
849 1921 940 1982 Ablen

255 2002 400 2072 libertam,
420 2025 496 2080 qun,
515 2003 603 2063 simul
619 2025 670 2062 suo
680 2005 819 2077 periculo,
842 2001 871 2064 ἃ
893 2007 939 2064 in-

249 2083 344 2164 famid
365 2084 488 2144 Neronis
512 2085 618 2155 anxia,
640 2086 773 2164 deferrer,
790 2087 941 2166 pervulgo·

258 2185 316 2225 rum
330 2189 388 2225 esse
400 2167 544 2247 incestum,
557 2167 694 2246 gloriante
705 2187 810 2236 maere,
824 2191 875 2228 nec
892 2187 939 2226 to-

257 2249 390 2307 leraturos
400 2249 502 2307 milites
506 2248 618 2325 profani
619 2249 775 2322 principis,
783 2249 943 2323 imperium.

259 2329 364 2390 Fubius
380 2327 508 2388 Rusticus
518 2376 530 2400 ‚
545 2352 600 2388 non
615 2327 795 2408 Agrippina,
817 2334 870 2390 secl
886 2332 945 2390 Ne-

260 2411 322 2470 roni
346 2412 464 2484 capitom
482 2411 514 2469 id
533 2429 693 2481 memorat,
719 2413 891 2492 ejusdemque
907 2414 945 2470 li-

260 2491 339 2568 berta
351 2493 407 2572 asta
425 2491 572 2571 disjeuum.
592 2492 647 2552 Sed
658 2514 719 2572 quoe
732 2492 873 2564 Cluvius,
888 2515 941 2554 ea-

263 2571 329 2633 dem
357 2572 441 2632 ceteri
468 2595 582 2654 quoque
610 2577 736 2634 nudiores
768 2575 944 2654 prodidere,

263 2665 291 2721 &
309 2654 387 2714 fama
405 2652 459 2713 huc
478 2656 610 2726 inclinat,
628 2675 677 2715 seu
696 2659 827 2736 concepit
842 2659 946 2716 animo

262 2755 374 2812 tontum
394 2738 580 2796 immanitatis
602 2737 781 2819 Agrippina,
805 2759 854 2798 seu
881 2759 944 2798 cte-

193 2885 197 2891 ‚
264 2817 380 2913 dibiiioc
392 2840 473 2880 novae
491 2817 617 2880 libidinis
631 2819 783 2914 meditatio
795 2822 828 2881 in
838 2842 873 2904 ce
887 2823 949 2888 vise.
