2000 3684
143 460 146 463 .
220 385 282 449 416
342 372 624 433 InLrunum
658 370 785 431 XIV.

219 484 294 548 supri
313 497 355 544 ¹5·
371 479 395 528 δ’
410 481 518 527 decurias
534 481 648 544 equitum,
668 478 805 544 aliquando
824 475 850 527 in
867 477 913 528 ‹le-⁴

220 557 301 606 curias
310 553 418 620 judicum
428 547 585 618 allegendos,
598 551 744 616 paratius&
761 552 910 620 religiosius

219 645 305 678 causor
326 628 472 686 audituros,
495 627 516 675 si
533 627 643 675 molliter
667 625 786 675 &dulce
811 625 910 675 canenti

218 701 316 752 Neroni
328 697 465 750 artificiose
480 699 612 763 plaudere,
625 699 650 749 ὅ(
661 699 734 748 dolie
746 711 825 764 atque
838 701 910 766 inge-

218 775 292 826 nios'e
310 776 445 825 acclamare
465 773 631 822 didicissent?
654 772 683 823 ld
700 775 768 823 enim
789 773 825 822 eli
836 770 910 839 periri

219 851 314 900 audire.

258 922 331 973 xxt.
352 937 375 972 1.
391 921 416 970 A
436 918 534 970 Theseis
559 921 651 970 accitos
672 919 811 980 histriones.
835 917 911 986 Atqui

221 999 289 1050 Anu.
304 1014 336 1059 4,
357 1009 398 1056 14.
417 994 546 1044 Ludictum
562 994 585 1042 id
603 1009 680 1058 genus
697 994 846 1058 appellatur
865 992 911 1042 Os-

222 1087 275 1120 cum
291 1087 298 1119 ε
314 1070 357 1118 sed
376 1067 493 1117 videlicet
513 1068 572 1116 artis
593 1067 692 1116 ludictae
708 1067 814 1131 primam
836 1067 910 1132 origi·

222 1161 280 1194 uem
291 1142 364 1191 Oscis
375 1140 480 1191 Romani
492 1142 617 1200 debuere,
630 1137 729 1188 Thuseis
737 1157 910 1207 progressum.

260 1234 285 1267 2.
296 1215 327 1264 Id
333 1231 406 1283 genus
415 1214 551 1280 spec‘luculi.
561 1213 670 1265 Videtur
681 1212 825 1280 significare
839 1215 911 1262 ludos

224 1288 338 1339 Grecos:
350 1299 423 1338 entea
435 1289 500 1338 enim
512 1289 573 1337 osci
585 1298 679 1336 tuntum
693 1293 764 1337 erant
776 1287 803 1336 δι
819 1289 912 1337 latini.

221 1365 278 1414 Hos
290 1364 400 1428 trip¹ices
416 1362 490 1412 ludos
508 1361 626 1428 intelligit
642 1361 778 1411 Suetonius
795 1362 823 1410 in
843 1361 911 1412 lulio

225 1452 268 1504 39.
283 1436 362 1485 Ludos
379 1438 518 1501 regionatim
536 1433 589 1484 'serbe
609 1450 661 1483 toea
676 1437 755 1496 dedit,
775 1433 798 1481 6·
817 1437 911 1500 quidem

145 1555 151 1571 ,
221 1527 265 1578 per
275 1513 378 1560 omnium
389 1511 521 1576 linguamm
534 1507 664 1568 histriones.
675 1507 760 1558 Possis
774 1509 852 1558 etiarn
865 1525 911 1574 per

222 1586 295 1637 ludos
309 1582 403 1634 Grecos
413 1583 554 1649 intelligere
568 1583 678 1648 gymnica
691 1583 838 1632 certamina.

264 1674 290 1724 3.
307 1656 475 1708 l'ereumiulbus
488 1659 575 1706 saeue.
587 1654 676 1704 Pollux
690 1655 826 1705 certamina
841 1671 911 1706 sacra

223 1730 311 1782 definit
329 1746 375 1790 ea,
391 1745 496 1795 quornm
513 1729 638 1794 premium
657 1729 754 1794 unicum
775 1746 875 1780 corona.

261 1821 290 1865 4.
306 1803 460 1854 incesserant.
479 1804 527 1852 Pro
543 1805 729 1862 lacessiverant,
747 1804 802 1852 scil.
822 1801 912 1852 convi-

224 1877 280 1928 ciis.
293 1876 351 1926 Tum
363 1878 522 1926 exoleverunt.
534 1876 562 1924 Iu
574 1887 620 1925 us'u
637 1877 778 1940 promiscuo
790 1892 849 1926 esse
860 1893 912 1927 coe·

225 1963 325 2017 perant.
342 1950 420 2015 Supri
435 1967 481 2014 pro
497 1967 526 1998 uc
540 1965 568 1999 ne
579 1950 687 2013 modica,
706 1951 793 2000 mallet
805 1950 911 2002 Grono-

225 2024 281 2075 vius
292 2042 321 2072 ac
331 2041 360 2073 ne
371 2025 507 2072 immodica.
520 2040 522 2044 ·

264 2096 346 2148 xxu.
370 2111 394 2147 1.
410 2095 537 2146 Rubellius
551 2094 665 2148 Plautus.
683 2097 749 2152 Vide
771 2095 840 2148 Anu.
863 2112 911 2165 13,

228 2185 273 2240 19.
287 2170 312 2220 &
328 2170 390 2221 iniri
413 2186 456 2233 57.

267 2261 292 2296 2.
310 2248 353 2293 Cui
364 2244 521 2310 Sublaqueum
533 2261 615 2294 nomeu
631 2243 671 2307 est.
685 2244 793 2294 Multum
811 2243 910 2293 blandi·

227 2329 268 2368 tur
279 2318 421 2379 conieliura
433 2319 557 2368 Gronovii
567 2320 688 2385 legentis,
701 2319 763 2384 apud
774 2317 910 2367 Simbruina

222 2393 308 2460 stagna
326 2390 336 2455 (
354 2393 408 2441 loco
426 2391 445 2440 S
462 2389 584 2457 blaqueum
603 2409 686 2440 nomeu
702 2391 751 2457 est)
771 2391 820 2440 iffa
838 2395 909 2456 dapes

226 2465 274 2518 oce
288 2466 479 2515 Simbruinorum
490 2467 591 2514 collium
603 2465 713 2514 meminit
724 2466 827 2514 Tacitus
844 2466 909 2514 Anu.

229 2553 279 2597 rt,
300 2539 596 2596 13.viltaeNeroniu1ae
619 2537 774 2589 sublacensis
795 2537 910 2590 meminit

224 2612 321 2666 Plinius
337 2627 369 2676 3,
387 2627 431 2679 Ιη.
878 2649 887 2670 ·

266 2703 291 2752 3.
314 2687 442 2738 Polluisse.
462 2688 525 2738 Nam
544 2685 628 2738 fontes
647 2685 674 2736 dt
694 2684 773 2752 capitu
793 2701 908 2751 uquarum

226 2760 316 2825 priscis
329 2777 410 2820 sacra,
419 2762 444 2809 in
453 2762 533 2826 iisque
544 2773 629 2811 natare
642 2761 722 2814 nefas.
732 2759 825 2809 Plinius
835 2757 908 2823 Epili.

198 2880 203 2886 .
227 2833 269 2896 8,·
279 2834 304 2885 8.
317 2833 359 2885 De
373 2834 512 2889 clitumno.
526 2833 593 2888 Pons
605 2838 716 2886 terminus
726 2837 791 2884 recti
798 2832 908 2900 profheti-
