2000 3684
170 341 418 412 Anamari
442 342 528 412 Lta.
552 341 634 412 XV.
672 365 737 412 201

70 463 190 524 rnilitum
214 479 324 534 arsere,
349 463 440 546 magis
460 463 565 546 insigni
588 461 745 546 protIIgio,

71 547 135 626 quia
147 542 264 604 Parthus
276 542 362 604 hostis
377 544 529 604 missilibus
539 545 601 604 telis
612 544 746 607 decertat.

108 626 191 686 VIII.
209 624 343 688 Ceterum
359 625 447 686 Partus
466 626 565 705 spretis
582 627 746 699 ominibus,

70 728 118 766 nec
137 707 206 766 dum
224 709 290 768 satis
306 705 422 766 firmatis
441 703 647 778 hibernaculis,
665 708 747 768 nullo

70 789 107 846 tei
127 787 316 848 frumentariae
339 791 469 866 provisu,
494 789 569 868 rapit
592 792 747 850 exercitum

72 886 142 929 trans
163 887 293 930 montem
319 867 469 938 Taurum,
491 871 696 943 reciperantis,
714 891 748 931 ut

71 947 194 1020 ferebat,
214 951 436 1029 Tigrmcenis,
450 952 640 1031 vastandisque
657 953 749 1030 regio·

72 1030 168 1102 nibus,
187 1054 255 1109 quas
277 1031 389 1092 Corbulo
408 1032 689 1110 integrcsomisisset.
708 1033 749 1092 Et

73 1132 148 1191 capta
159 1112 291 1194 quaedam
302 1110 429 1183 castella,
443 1113 594 1195 gloriaque
607 1121 635 1172 ac
650 1114 750 1194 praede

72 1191 202 1254 nonnihil
229 1213 368 1274 partum,
399 1196 423 1254 si
453 1213 502 1254 aut
531 1195 653 1278 gloriani
681 1216 749 1257 cum

72 1275 180 1347 modo,
206 1295 255 1336 aut
278 1275 399 1354 ptaedam
420 1296 484 1334 cum
508 1296 574 1336 cura
593 1273 749 1340 habuisset.

72 1351 248 1439 Longinquis
274 1357 419 1416 itineribus
451 1357 658 1436 percursando,
684 1379 750 1440 quae

74 1437 193 1498 obtineri
218 1438 395 1518 nequibant,
421 1458 552 1518 corrupto
577 1441 628 1519 qui
652 1459 750 1519 captus

74 1538 129 1577 erat
150 1539 336 1591 commeatu,
361 1529 388 1582 δι
407 1517 528 1581 instante
551 1525 611 1599 jam
630 1516 750 1591 bieme,

73 1598 177 1662 reduxit
198 1603 364 1671 exercitum,
388 1603 602 1682 composuitque
624 1599 661 1658 ad
680 1599 750 1662 Cte-

74 1702 157 1742 sarem
179 1683 300 1754 litteras,
319 1683 400 1764 quasi
418 1679 550 1742 confecto
568 1681 666 1752 bello,
684 1702 750 1742 ver·

74 1761 114 1822 bis
130 1785 176 1824 ma
201 1762 314 1834 nilicis,
334 1785 425 1824 retum
446 1784 558 1824 vacuas.

111 1845 162 1906 IX.
178 1786 295 1908 Interim
314 1845 443 1908 Corbulo
454 1865 612 1926 numquam
630 1845 749 1928 neglec-

75 1943 129 1984 tam
147 1924 300 2007 Euphratis
317 1927 752 2007 ripamcrcbtioribuspraesidiis

74 2006 173 2068 insedit
193 2031 200 2065 t
224 2017 270 2079 δι,
293 2029 328 2070 ne
348 2009 429 2088 ponti
449 2008 602 2087 injiciendo
620 2009 748 2087 impedi·

76 2109 201 2150 mentum
221 2087 335 2150 hostiles
357 2109 453 2150 turmae
477 2089 633 2159 adferrent,
658 2095 750 2166 (jam

76 2171 148 2230 enim
160 2171 292 2249 subjectis
301 2172 407 2250 campis
421 2191 526 2252 magna
539 2171 630 2251 specie
644 2170 752 2230 volita-

76 2249 171 2328 bant)
193 2273 278 2314 nates
302 2251 497 2334 magnitudine
518 2249 700 2330 prestantes,
721 2260 752 2311 bc

78 2352 214 2394 connexas
232 2334 373 2404 trabibus,
389 2355 421 2392 ac
435 2333 554 2393 turribus
564 2335 660 2392 annas
670 2334 756 2415 ,agio

77 2433 121 2493 ptr
141 2436 278 2487 amnem,
299 2414 500 2495 catapultisque
519 2423 546 2474 ἀ
565 2411 669 2474 balistis
688 2433 755 2494 pro-

77 2496 167 2556 turbat
196 2497 349 2567 barbatos,
376 2498 406 2556 in
429 2517 500 2576 quos
529 2518 596 2556 saxa
617 2503 645 2555 lit
666 2492 754 2556 haste

78 2574 415 2660 longiuspetmeabaut,
443 2575 529 2657 quim
555 2597 586 2637 ut
610 2578 755 2637 contrario

77 2661 240 2740 sagittatum
258 2659 569 2740 jaciuadzquarenttu.
590 2658 666 2718 Dein
680 2678 756 2736 pons

78 2741 272 2812 continuatus3
295 2741 434 2821 collesque
459 2739 568 2800 adversi
590 2760 637 2818 per
661 2741 756 2799 socias

79 2816 222 2896 cohortes,
243 2821 307 2906 pbst
324 2823 471 2908 legioumn
493 2819 587 2964 callnp
609 2841 754 2902 occupan-

603 2923 622 2963 u
