2000 3684
199 337 448 410 Auuurruu
471 339 557 410 ω.
581 337 667 408 ΧΠ.
697 423 700 427 7
728 345 771 430 65

93 460 226 522 tannicus
244 462 275 520 in
291 478 443 554 preterca,
461 459 542 520 Nero
562 455 776 541 triumphalium

93 541 170 602 velle
204 545 353 602 transvecti
381 561 452 601 sunt.
482 541 626 623 Spetlaret
656 541 779 622 populus

93 621 173 684 hunc
194 623 296 682 decore
323 624 534 702 imperatorio,
563 623 644 683 illum
676 621 777 702 puerili

94 702 201 764 lubitu
223 749 233 776 ,
257 726 291 766 ac
320 704 432 786 perinde
460 703 604 764 formnam
635 705 778 785 utriusque

95 805 286 868 presumeret.
302 785 393 846 Simul
411 788 461 867 qui
479 788 675 846 centurionum
686 786 777 846 tribu-

97 889 260 948 norumque
273 887 374 927 sortem
390 865 545 928 Britannici
557 867 777 940 miserabantur,

98 950 205 1008 remoti
225 947 297 1009 ficiis
317 951 428 1021 causis,
455 959 483 1010 δι
509 950 559 1008 alii
584 970 632 1029 per
655 949 778 1027 speciem

99 1027 219 1092 honoris
242 1053 249 1088 r
271 1032 357 1090 etiam
384 1031 550 1090 libertorum
583 1033 608 1091 si
636 1031 699 1112 quis
727 1031 778 1089 in·

99 1132 232 1192 corrupta
254 1109 328 1184 fide,
352 1111 523 1192 depellitur,
544 1113 595 1172 tali
618 1114 778 1176 occasione.

100 1193 195 1254 Obvii
224 1196 296 1253 inter
319 1213 366 1266 se,
385 1193 472 1254 Nero
503 1195 698 1254 Britannicum
723 1215 780 1254 no-

100 1277 204 1346 mine,
231 1275 277 1334 ille
300 1275 481 1347 Domitium,
502 1276 664 1336 salutavere.
688 1273 779 1353 Quod
855 1297 859 1303 ’

100 1377 131 1417 ut
163 1356 309 1418 discordia
343 1359 481 1428 initium,
502 1357 661 1440 Agrippina
688 1358 780 1418 multo

101 1437 200 1522 questu
216 1438 252 1498 ad
265 1441 396 1498 maritum
418 1438 509 1499 defert
532 1462 538 1496 ι
559 1441 654 1514 sperui
675 1441 782 1520 quippe

101 1521 276 1597 adoptionem
298 1561 309 1591 ,
342 1541 445 1598 querque
478 1523 632 1580 censuerint
654 1539 781 1595 patres,

93 1603 218 1685 jusserit
224 1603 362 1678 populus,
378 1601 454 1661 intra
460 1619 573 1676 penates
588 1601 716 1680 abrogari
728 1625 739 1660 .·
749 1623 789 1666 er·
804 1637 812 1643 -

101 1686 161 1746 uisi
177 1686 311 1760 pravitas
329 1701 387 1742 tam
407 1683 679 1762 infeuradoeenct'um
687 1705 782 1744 arcea-

101 1786 162 1838 tur,
185 1785 312 1842 eruptura
330 1766 361 1825 iu
368 1765 508 1841 publicam
514 1763 672 1841 pemiciem.
686 1763 783 1827 Com·

101 1867 198 1913 motus
222 1845 288 1921 his,
314 1850 393 1930 quasi
411 1848 594 1919 criminibus,
619 1845 784 1923 Claudius,

103 1933 246 2012 optimum
267 1951 407 2013 quemque
429 1931 608 1990 educatorem
632 1927 684 1990 filii
703 1933 781 1991 ersi·

102 2014 143 2074 lio
164 2035 198 2074 ac
220 2033 311 2074 morte
334 2011 445 2084 adficit,
466 2012 780 2095 datosqueanoverca,

104 2095 240 2156 custodia
264 2101 322 2174 ejus
341 2096 471 2174 imponit.

143 2177 239 2238 XLII.
269 2177 408 2237 Nondum
434 2196 530 2236 tamen
552 2196 665 2237 summa
687 2177 785 2237 moliri

104 2257 267 2342 Agrippina
290 2258 433 2329 audebat,
460 2261 490 2317 ni
514 2259 703 2336 praemriarum
728 2280 783 2318 co·

104 2337 234 2400 hortium
257 2338 322 2400 curi
341 2340 545 2398 exsolverentur
567 2339 666 2399 Lusius
687 2339 785 2414 Geta,

104 2430 132 2483 ἃ
153 2420 254 2482 Rufius
274 2421 437 2502 Crispinus,
460 2441 531 2504 quos
544 2418 710 2482 Messallinae
721 2443 784 2482 me-

103 2525 216 2576 mores,
235 2514 262 2564 &
279 2504 373 2564 liberis
397 2507 456 2583 ejus
478 2502 623 2563 devinctos
643 2504 784 2567 credebat.

102 2585 195 2682 Igitur
212 2585 327 2669 distrahi
346 2585 467 2645 colones
485 2585 588 2644 ambitu
607 2588 735 2658 duorum,
754 2584 783 2648 θ

101 2691 128 2728 rr
152 2668 188 2728 ab
212 2691 265 2727 uno
284 2669 637 2747 regerentur‚'iurentiorem
645 2668 783 2746 fhredir·

66 2767 69 2776 “
102 2751 238 2824 ciplinam
270 2748 449 2809 adseverante
485 2770 594 2820 uxore,
622 2749 785 2812 transfertur

98 2833 233 2920 regimen
249 2827 411 2894 cohortium
428 2829 466 2898 ed
479 2831 599 2898 Burrum
612 2831 782 2905 Afranium,
