2000 3684
251 360 319 407 120
357 335 831 404 ·C.coau.1.“ac1rt

247 459 415 537 Locumque
436 455 557 538 delegit,
580 459 658 534 cujus
679 475 743 534 pars
760 456 849 515 altera
869 456 932 516 col·

247 540 288 598 ies
302 556 381 596 erant
397 538 548 596 clementer
559 536 757 618 adsurgentes,
778 539 927 618 accipien-

247 619 293 678 dis
308 619 433 698 peditum
450 618 596 676 ordinibus
611 639 621 686 3
644 638 706 696 pars
724 619 755 675 in
777 618 930 696 planitiem

247 702 325 781 porti
361 698 522 770 bantur,ad
530 697 712 778 explicandas
721 700 853 778 equitum
867 719 929 758 tur-

248 802 320 840 mas.
367 783 447 861 icque
465 783 575 859 padio,
594 780 670 858 prior
689 778 825 839 Corbulo
837 783 930 841 socias

247 859 378 921 cobortes
398 871 426 921 de
448 861 552 919 auxilia
571 880 671 942 regum
694 881 745 940 pto
772 862 929 934 cornibus,

250 943 347 1003 medio
361 962 468 1002 sextam
480 943 625 1026 legionem
641 939 804 1012 constituit3
820 945 868 1000 cui
883 965 929 1001 ac·

249 1027 307 1083 cita
324 1045 372 1104 per
385 1026 517 1094 noctem,
532 1023 594 1080 aliis
608 1043 641 1080 ex
659 1020 771 1095 castris,
788 1025 844 1082 tria
863 1025 929 1083 mii-

248 1106 289 1164 lia
314 1106 497 1162 tertianorum
526 1105 750 1182 permiscuerat,
778 1123 837 1162 una
865 1115 929 1164 cum

249 1186 372 1264 aquila,
401 1186 482 1264 quasi
512 1184 614 1243 eadem
642 1184 668 1242 le
691 1184 720 1242 ‘o
749 1187 928 1266 sped'caretur.

248 1265 410 1335 Tiridates,
430 1284 564 1346 vergente
581 1271 640 1343 jaro
664 1205 731 1335 (Xe,
753 1267 856 1362 procul
874 1267 928 1326 ad·

250 1345 339 1415 stitit,
360 1345 438 1404 unde
464 1347 554 1404 videri
580 1347 691 1428 magis,
717 1367 805 1426 quam
840 1348 930 1408 auditi

250 1446 351 1508 posset.
376 1428 421 1486 Ita
445 1428 504 1485 sine
528 1447 676 1508 congressu
702 1425 759 1484 dux
780 1427 929 1489 Romanus

250 1508 398 1569 abscedere
414 1509 536 1567 militem
558 1529 607 1567 sua
629 1527 772 1590 quemque
790 1511 822 1569 in
845 1509 930 1571 castra

249 1591 337 1673 jubet.

261 1672 265 1679 ’
291 1669 431 1732 XXXIX.
459 1671 539 1742 Rex,
567 1671 624 1729 sive
648 1669 778 1729 fraudem
804 1693 924 1754 ‚suspec-

251 1773 328 1824 tans,
345 1754 413 1833 quia
428 1752 506 1830 plura
520 1753 603 1810 simul
617 1754 646 1810 in
663 1751 727 1810 loca
741 1752 858 1824 ibatur,
872 1757 928 1814 sive

251 1852 283 1892 ut
304 1851 477 1891 commeatus
500 1831 608 1892 nostros
632 1833 752 1892 Pontico
782 1835 878 1905 mati,
902 1845 929 1895 dc

251 1913 430 1993 Trapezunte
457 1913 566 1992 oppido
598 1913 781 1974 adventantes
809 1916 928 1978 interci-

250 2012 348 2075 peret,
368 1994 484 2074 propere
507 1994 632 2055 discedit.
651 1995 707 2054 Sed
727 2015 819 2076 neque
844 2017 927 2056 com-

252 2076 392 2135 meatibus
419 2075 480 2133 vim
512 2075 605 2135 ¹facete
635 2079 748 2156 potuit,
781 2078 852 2157 quia
883 2098 931 2158 per

251 2175 364 2216 montes
382 2156 555 2217 ducebantur
570 2157 702 2236 praesidiis
724 2155 824 2216 nostris
842 2160 929 2220 inses-

252 2259 324 2299 sos:
347 2246 374 2299 &
390 2237 538 2309 Corbulo,
553 2259 588 2296 ne
607 2239 722 2297 inritum
743 2238 854 2301 bellurn
874 2259 931 2301 tta·

251 2319 381 2390 beretut,
406 2338 491 2398 utque
520 2321 670 2378 Atmenios
692 2318 729 2378 ad
752 2339 803 2378 sua
825 2320 929 2381 defen-

254 2401 347 2460 denda
364 2417 491 2481 cogeret,
511 2400 667 2461 exscindere
687 2419 766 2480 parat
786 2399 901 2462 castella
922 2424 930 2460 ε

252 2483 383 2560 sibique,
409 2478 485 2558 quod
508 2481 712 2541 validissimum
733 2483 764 2540 in
789 2501 822 2540 ea
855 2503 927 2562 prae-

254 2561 379 2630 scum,
401 2581 592 2642 cognomento
620 2563 796 2631 Volandum,
820 2565 927 2633 sumit;

254 2644 366 2701 minora
384 2640 520 2700 Cornelio
536 2643 637 2702 Flacco
654 2643 766 2726 legato,
784 2642 929 2702 &Insteio

255 2723 395 2802 Capitoni
407 2719 557 2782 caibontm
569 2722 699 2804 praefedio
710 2722 836 2782 mandat.
849 2723 929 2783 Tum

256 2804 461 2886 circumspectis
481 2806 687 2880 munimentis,
711 2813 738 2865 δι
756 2823 820 2886 quae
844 2825 932 2897 erpo-⁸

800 2904 936 2969 guattont
