2000 3684
125 417 130 425 .
214 382 280 430 102
340 358 382 426 ⁴C.
412 360 566 431 Couu.
598 361 790 429 Tncrrr

209 481 268 549 ait,
281 499 334 553 ptr
348 479 515 538 comitialem
538 477 678 548 morbum,
703 499 753 554 quo
767 474 891 551 primbm

211 559 246 619 ab
259 560 381 636 infamia
394 561 578 639 adflilloretur
588 559 789 628 Britannicus,
803 555 831 617 ὃ)
849 580 892 617 re·

210 643 316 700 &turos
323 641 472 715 paullatim
481 643 560 702 uisus
570 661 724 716 sensusque.
739 638 779 697 At
789 639 892 721 Agrip·

211 724 285 802 pina
309 721 333 780 is
357 743 465 801 pavor,
493 742 526 781 ea
552 718 738 780 consternatio
762 721 892 789 mentis,

212 804 342 883 quamvis
368 803 457 863 vultu.
477 821 665 884 premeretur,
698 801 815 860 emicuit
828 848 840 871 ,
863 817 894 860 ut

213 882 328 964 perinde
348 887 478 966 ignaram
495 883 603 954 fuisse,
625 904 659 942 ac
680 901 807 941 sororem
826 881 893 958 Bri-

214 967 323 1024 tannici
336 966 515 1035 Oblatum,
532 962 683 1024 constiterit
699 987 708 1020 ι
722 963 827 1043 quippe
842 961 895 1022 sibi

213 1065 376 1126 supremum
402 1047 538 1106 auxilium
561 1064 703 1125 ereptum,
726 1053 754 1103 &
778 1045 895 1123 parrici-

216 1126 257 1186 dii
278 1127 438 1206 exemplum
456 1127 640 1210 intelligebat.
663 1122 788 1186 Octavia
816 1145 894 1205 quo-

216 1227 294 1287 que,
322 1210 454 1288 quamvis
475 1207 590 1268 rudibus
616 1207 718 1276 annis,
743 1205 896 1276 dolorem,

217 1289 361 1347 caritatem
374 1334 386 1358 ,
407 1291 502 1348 omnis
522 1285 639 1351 affectus
658 1286 831 1346 abscondere
853 1286 898 1345 di-

218 1368 333 1428 dicerat.»
354 1369 398 1428 Ita
415 1367 478 1449 post
495 1371 579 1431 breve
596 1370 761 1438 silentium,
779 1369 898 1450 repetita

216 1451 343 1512 convivii
360 1451 465 1511 lretitia.

221 1591 224 1598 ,
242 1531 356 1592 XVII.
375 1531 444 1590 Nox
462 1531 562 1592 eadem
581 1551 679 1590 necem
696 1531 857 1590 Britannici
874 1539 900 1592 dt

218 1633 323 1696 rogum
351 1617 518 1692 conjunxit,
545 1615 657 1693 proviso
690 1612 755 1672 antd
788 1611 901 1671 funebri
990 1619 991 1660 ἴ

219 1715 341 1774 paratu,
362 1697 412 1774 qui
434 1695 561 1754 modicus
584 1692 647 1753 fuit.
672 1693 706 1752 ln
726 1713 829 1772 campo
850 1711 898 1751 ta-

218 1795 287 1838 men
318 1775 420 1834 Martis
447 1777 566 1855 sepultus
597 1773 652 1847 est,
682 1774 753 1833 adeo
780 1773 902 1832 turbidis
990 1803 991 1830 ς

220 1855 379 1925 imbribus,
402 1874 434 1914 ut
450 1857 552 1939 vulgus
571 1857 653 1915 iram,
667 1853 749 1914 deitm
770 1854 903 1934 portendi

220 1935 369 1996 crediderit
392 1937 522 1996 adversus
547 1935 676 2005 facinus,
706 1938 751 1994 cui
775 1935 902 2016 plerique

221 2019 310 2078 etiam
320 2013 470 2075 hominum
484 2019 687 2101 ignoscebant,
703 2018 834 2097 antiquas
844 2015 903 2075 fra-

222 2117 298 2157 trum
329 2097 503 2169 discordias,
526 2109 554 2160 &
583 2099 748 2158 insociabile
782 2117 903 2180 regnum

223 2175 398 2242 estimantes.
417 2180 547 2240 Tradunt
565 2181 689 2262 plerique
708 2197 806 2238 eoru-nr
824 2198 902 2236 rern-

223 2281 326 2343 porum
341 2263 508 2343 scriptores,
524 2261 623 2333 enebris
638 2280 700 2320 ante
714 2261 831 2320 exitium
844 2261 904 2318 dic-

224 2341 274 2402 bus
285 2391 297 2414 ‚
317 2343 438 2402 inlusum
454 2345 510 2403 isse
528 2343 651 2417 pueritie
670 2341 831 2400 Britannici
846 2341 906 2400 Ne·

226 2432 338 2484 ranem:
350 2441 381 2480 ut
390 2429 448 2501 jam
462 2445 521 2484 non
532 2443 714 2504 praematura,
727 2441 818 2504 neque
833 2441 905 2480 saeva

226 2526 305 2564 mors
331 2503 420 2564 videri
448 2524 555 2586 queat,
578 2505 707 2586 quamvis
732 2505 803 2562 inter
828 2523 906 2562 sacra

226 2605 357 2655 mensu,
379 2607 415 2644 ne
437 2605 561 2668 tempore
581 2585 697 2667 quidem
721 2583 907 2664 adcomple-
990 2633 991 2660 ἶ

229 2688 296 2726 xum
312 2669 400 2724 sorori
416 2667 503 2739 dato,
523 2687 587 2726 ante
606 2667 702 2726 oculos
716 2667 827 2726 inimici
845 2671 910 2744 pro-

229 2766 325 2828 peram
344 2748 396 2818 sit,
423 2751 452 2809 in
474 2749 554 2808 illum
578 2769 736 2829 supremum
760 2745 907 2807 Claudio-

226 2848 293 2900 rum
304 2833 489 2914 sanguinem,
500 2829 594 2912 stupro
611 2828 685 2912 priits
701 2826 787 2914 quim
797 2847 911 2889 veneno
