2000 3684
230 365 276 432 90
353 341 390 410 C.
419 340 564 410 Contu.
596 341 782 408 Tncrar

228 463 392 530 Romanus,
407 470 434 521 &
450 460 551 519 Helius
567 458 696 530 libertus,
713 461 753 518 rei
772 457 907 520 familiari
987 452 991 559 i

228 544 360 625 principis
377 543 407 600 in
427 541 495 601 Asia
510 542 635 620 impositi
657 539 715 598 :ab
733 537 775 599 his
787 561 906 620 procon-
987 564 991 573 ·

228 625 282 684 suli
294 644 433 700 venenum
447 625 519 681 inter
536 623 629 701 epulas
644 619 741 680 datum
755 619 811 693 est,
827 643 908 702 aper-

228 703 283 764 ritis
298 702 384 785 quam
402 724 433 764 ut
446 699 584 762 fallerent.
605 703 667 762 Nec
687 693 780 762 mimis
799 719 906 784 prope·-

228 783 292 846 rato
312 787 456 846 Narcissus
478 784 595 845 Claudii
618 785 751 855 libertus,
770 783 807 844 de
832 791 909 866 cujus

228 871 272 948 jur
287 869 326 945 ,iis
342 868 468 928 adversus
484 867 672 947 Agrippinam
691 865 790 937 retuli,
812 865 910 947 asperi

230 889 371 1020 caladia,
389 958 417 1010 δι
431 946 592 1011 necessitate
608 944 746 1017 extrema,
768 946 804 1006 ad
830 969 910 1006 mor-

230 1049 288 1090 tem
307 1027 419 1113 agitur,
434 1031 525 1088 invito
543 1029 685 1110 principe,
708 1033 784 1107 cujus
805 1029 910 1090 abditis

230 1110 323 1170 adhuc
337 1112 411 1170 vitiis
426 1131 474 1190 per
485 1113 632 1171 avaritiam
649 1131 681 1170 ac
697 1109 910 1193 prodigentiaur

229 1190 301 1252 mire
324 1191 505 1274 congruebat.

271 1273 309 1332 Il.
332 1273 482 1353 Ibaturque
503 1275 535 1333 in
561 1271 666 1342 cades,
692 1273 747 1332 nisi
772 1270 910 1334 Afranius

230 1353 351 1425 Burrus,
371 1363 399 1415 δι
416 1353 538 1414 Annaeus
558 1353 662 1413 Seneca
676 1354 794 1414 obviam
815 1355 909 1416 issent.

232 1435 274 1496 Hi
298 1439 418 1495 rectores
440 1437 625 1515 imperatoriae
643 1440 781 1515 juventa,
805 1443 850 1506 ἃ,
870 1457 912 1497 ra-

231 1536 295 1576 rum
326 1519 356 1576 in
383 1518 515 1577 societate
538 1517 696 1596 potentiae,
729 1515 909 1590 concordes,

233 1598 340 1658 diversa
362 1619 419 1658 arte
443 1620 476 1657 ex
497 1619 579 1680 aequo
604 1597 749 1676 pollebant
777 1621 783 1655 :
808 1597 910 1660 Burrus

232 1681 400 1740 militaribus
427 1683 520 1751 curis,
547 1688 573 1738 δι
600 1682 742 1743 severitate
770 1699 885 1738 morum
897 1703 909 1751 3

233 1762 338 1821 Seneca
356 1764 495 1840 praecptis
519 1761 701 1841 eloquentiae,
724 1769 751 1820 ἃ
772 1763 911 1820 comitate

232 1840 349 1900 honesta
372 1865 379 1898 z
402 1847 528 1922 juvantes
551 1844 693 1914 invicem,
717 1838 775 1924 qui>
796 1841 909 1904 facilius

231 1924 369 1984 lubricam
386 1923 516 2002 principis
530 1931 656 1995 aetatem,
672 1925 696 1983 si
710 1925 843 1984 uirtutem
861 1925 911 1984 ad-

231 2024 421 2086 spernaretur,
452 2005 643 2084 voluptatibus
672 2007 808 2066 concessis
835 2008 906 2065 reti-

232 2107 337 2146 netene
355 2086 508 2147 Certamen
524 2089 631 2168 utrique
650 2107 736 2146 unum
755 2107 815 2154 erat
833 2108 907 2146 con-

232 2187 273 2228 tra
288 2167 423 2228 ferociam
439 2168 618 2250 Agrippinae,
633 2189 693 2249 qua
707 2171 813 2228 cunelis
826 2170 909 2233 male

232 2250 435 2312 dominationis
458 2244 634 2330 cupidinibus
652 2253 792 2334 flagrans,
817 2247 908 2309 habe-

232 2333 282 2392 bat
299 2334 329 2391 in
357 2332 479 2413 partibus
500 2332 657 2392 Pallantem
674 2355 684 2403 3
713 2353 770 2413 quo
790 2335 906 2392 auclore

227 2414 371 2474 Claudius
398 2415 501 2491 nuptiis
531 2412 663 2484 incestis,
692 2423 719 2474 &
751 2413 908 2493 adoptione

231 2492 374 2565 exitiosa,
404 2513 491 2553 semet
523 2515 696 2574 perverterat.
727 2496 782 2555 Sed
815 2515 907 2576 neque

231 2576 342 2636 Neroni
368 2575 441 2634 infra
466 2597 557 2636 servos
581 2579 747 2660 ingenium3
768 2578 908 2638 &Pallas

231 2655 300 2716 tristi
323 2658 482 2739 arrogantia
505 2659 621 2718 modum
647 2659 739 2718 liberti
766 2674 908 2742 egressus,

167 2740 175 2748 '
231 2738 346 2797 taedium
383 2741 431 2798 sui*
461 2760 596 2799 moverat.
626 2741 776 2820 Propalam
809 2759 906 2799 tamen

224 2841 331 2882 omnes
348 2823 460 2881 ineam
473 2818 593 2882 honores
611 2821 843 2895 cumulabantur,
864 2823 906 2882 si*
