2000 3684
258 350 324 418 340
382 326 419 394 0.
448 325 598 394 Coun.
630 326 836 398 TAcrrr

249 468 306 515 ac,
339 463 422 525 prout
444 446 535 525 prima
566 446 727 516 cessissent,
763 445 828 504 fore
864 445 932 506 uui·

249 547 349 596 versa3
363 526 487 585 Monam
501 526 641 597 insulam,
664 532 740 606 cujus
754 529 934 605 possessione

248 626 411 668 revocatum
448 607 608 666 Paullinum
648 607 804 666 rebellione
848 611 934 669 totius

249 687 399 748 Britannia
424 686 506 768 sopri
528 690 704 758 memoravi,
738 689 874 772 redigere
904 691 933 749 iu

248 767 415 848 potestatem
431 771 528 828 auimo
542 768 670 828 intendit.
685 767 756 840 Sed,
776 789 809 829 ut
826 771 860 828 in
878 769 931 828 du-

250 851 305 911 biis
333 851 474 920 consiliis,
503 871 587 910 naves
620 848 734 908 deerant
763 872 771 908 t
800 852 878 909 ratio
908 859 933 910 δι

251 930 407 991 constantia
426 931 504 991 ducis
523 933 683 990 transvexit.
698 931 851 1010 Depositis
870 953 934 990 otn-

249 1013 334 1073 nibus
362 1014 496 1083 sarcinis,
524 1012 688 1072 Iustissimos
723 1013 933 1083 auxiliarium,

250 1094 352 1174 quibus
372 1113 442 1153 nota
460 1091 534 1152 vada
546 1141 558 1170 ,
572 1102 600 1153 &
619 1093 721 1174 patrius
741 1093 836 1151 nandi
853 1115 934 1164 usus,

251 1195 310 1254 quo
324 1174 407 1235 simul
419 1195 502 1255 seque
517 1183 544 1235 δι
563 1195 641 1234 arma
659 1183 686 1233 δι
703 1194 795 1255 equos
811 1195 935 1256 regunt,

251 1257 291 1318 ita
307 1274 418 1334 repente
434 1256 569 1325 immisit,
590 1274 636 1327 ut,
650 1251 844 1334 obstupefadli
862 1253 933 1314 hos·

251 1353 315 1405 res,
335 1338 385 1417 qui
406 1336 544 1406 classem,
565 1338 614 1417 qui
638 1356 743 1404 naves,
772 1338 827 1417 qui
860 1355 934 1394 marc

251 1413 468 1497 exspellubant',
490 1415 563 1477 nihil
582 1417 700 1478 arduum
720 1433 768 1475 aut
794 1419 933 1476 invictum

252 1498 420 1560 crediderint
442 1500 481 1562 sic
505 1498 541 1558 ad
560 1499 666 1558 bellum
679 1499 873 1558 venientibus.
893 1499 934 1559 Ita

252 1580 339 1660 petiti
363 1601 451 1661 pace,
475 1601 508 1640 ac
531 1579 626 1639 dedita
647 1575 762 1650 insuli,
787 1579 882 1640 clatus
902 1599 933 1639 ac

252 1682 374 1743 maganus
397 1660 494 1722 haberi
514 1659 648 1744 Agricola
668 1683 674 1716 :
693 1661 798 1798 puippe
821 1663 870 1720 cui
891 1663 934 1720 in·

248 1713 392 1824 gredienti
413 1744 586 1824 provinciam
598 1787 607 1813 ,
636 1763 693 1823 quo
736 1759 852 1820 tempus
887 1742 934 1800 alii

253 1843 302 1902 per
321 1822 561 1893 ostentationem,
584 1841 632 1882 aut
653 1821 814 1882 officiorum
839 1823 934 1882 ambi·

253 1922 315 1962 tum
335 1907 513 1989 transigunt,
535 1904 616 1964 labor
640 1913 667 1965 &
688 1903 846 1984 periculum
876 1905 935 1983 pla-

254 1986 363 2045 cuisset.
381 1985 444 2046 Nec
465 1985 622 2068 Agricola,
639 1986 822 2065 prosperitate
842 2003 934 2044 rerum

254 2065 285 2129 iu
301 2067 456 2128 vanitatem
471 2089 556 2138 usus,
575 2065 781 2146 expeditionem
805 2086 858 2126 aut
876 2067 934 2125 sic-

255 2149 357 2209 toriam
382 2150 524 2219 vocabat,
549 2149 639 2207 siclos
666 2148 837 2206 continuisse
869 2169 876 2204 :
902 2167 935 2206 ne

255 2230 384 2291 laureatis
400 2231 516 2313 quidem
532 2224 608 2312 gestu
627 2246 784 2308 prosecutus
805 2226 845 2287 est
865 2251 872 2284 :
891 2225 937 2287 sed

255 2310 317 2392 ipsi
345 2311 565 2372 dissimulatione
592 2309 674 2368 fumae
698 2308 808 2368 famam
832 2310 936 2378 auxit,

256 2392 471 2466 aestimantibus,
480 2390 587 2475 quanti
597 2390 683 2450 futuri
694 2409 740 2470 spe
751 2409 812 2448 tam
826 2411 935 2474 magua

255 2494 394 2535 tacuisset.

296 2555 348 2615 XI
362 2555 399 2616 X.
424 2551 558 2616 Cetertlm
586 2555 747 2612 animorum
778 2552 934 2630 provincia

256 2637 393 2718 prudens,
413 2637 551 2717 simulque
573 2633 672 2693 dorius
696 2653 744 2712 per
763 2633 858 2692 aliena
884 2652 934 2690 exv

255 2721 430 2797 perimenta,
445 2738 545 2798 purum
559 2713 657 2796 profici
668 2716 771 2782 armis,
788 2714 812 2771 si
827 2714 935 2790 injuria

257 2818 451 2882 sequerentur,
479 2819 574 2860 causas
595 2796 734 2858 bellorum
757 2791 856 2860 statuit
882 2813 932 2852 ex·
994 2823 995 2854 l
