2000 3684
219 326 620 398 AonrcorA.
687 351 748 420 341

75 441 178 508 cidere.
201 445 229 508 Α
255 467 284 508 se
310 449 420 528 suisque
442 465 540 521 orsus,
558 452 678 530 primam
702 451 754 512 don

73 545 158 588 mum
175 549 255 590 suam
272 531 414 600 coercuit,
429 530 507 609 quod
525 529 659 612 plerisque
676 529 753 594 haud

74 612 172 670 minus
191 609 311 670 arduum
331 609 389 681 est,
410 609 496 690 qu‘am
520 615 753 691 provinciarum

73 712 152 774 gere.
170 688 254 751 Nihil
273 711 321 770 per
337 692 453 751 libertos
470 709 618 774 servosque
634 693 753 773 publice
801 735 807 745 -

71 774 115 831 rei
138 796 145 830 :
171 794 231 832 non
257 769 353 832 studiis
373 774 508 852 privatis,
530 793 583 834 nec
610 795 644 834 ex
666 795 760 834 com-·

73 853 281 924 mendanone,
316 870 366 914 aur
417 855 527 914 recibtts
557 857 753 916 centurionum

73 934 181 995 milites
208 934 312 994 adscire
323 971 334 1005 ,
360 875 418 994 sed
437 935 580 1015 optimum
612 957 753 1018 quemque

73 1012 270 1076 fidelissimum
299 1028 395 1094 putate
425 1038 433 1072 ε
458 1017 558 1076 omnia
580 1019 669 1088 scire,
693 1039 753 1080 non

72 1099 176 1157 omnia
197 1097 340 1178 exsequi:
364 1099 455 1178 parvis
475 1100 595 1177 peccatis
615 1099 752 1170 veniam,

71 1180 189 1260 magnis
202 1180 376 1238 severitatem
390 1179 572 1240 commodare
587 1199 658 1238 :nec
668 1179 752 1259 poni

73 1279 205 1339 semper,
234 1259 282 1318 sed
306 1261 405 1337 sepius
434 1259 599 1339 pernitentiis
628 1279 750 1322 conten·

73 1358 120 1400 tus
153 1361 210 1401 esse
242 1363 249 1397 ε
280 1341 379 1401 officiis
408 1349 436 1401 &
464 1339 752 1404 administrationibus

71 1422 168 1502 potiris
186 1443 247 1481 non
270 1442 449 1502 peccaturos,
470 1426 490 1469 *
512 1421 598 1505 quim
616 1422 751 1484 damnare

71 1523 164 1584 quum
183 1523 350 1583 peccassent.
372 1504 516 1563 frumenti
537 1514 564 1564 δι
582 1503 751 1564 tributorum

71 1586 237 1644 auctionem
263 1586 422 1666 equalitate
444 1603 592 1643 munerum
616 1585 726 1644 mollire
738 1629 749 1657 ,

72 1666 262 1737 circumcisis,
276 1687 338 1764 tpuae
353 1667 385 1726 io
401 1663 536 1745 quaestum
551 1685 675 1746 reperta,
690 1668 751 1746 ipso

72 1747 181 1808 tributo
198 1749 309 1830 gravius
329 1746 546 1807 tolerabantur:
566 1767 752 1828 namqueper

72 1827 228 1890 ludibrium
269 1827 388 1888 assidere
418 1827 517 1888 clausis
548 1825 686 1900 horreis,
722 1837 751 1889 8<

71 1929 167 1969 emere
188 1910 262 1970 ultro
284 1907 445 1979 frumenta,
466 1908 638 1970 attendere
659 1911 750 1990 pretio

71 1991 272 2072 cogebanturr
294 1989 419 2050 devortia
439 1987 570 2056 itinerum
591 1999 618 2050 dt
638 1991 753 2074 longin-

72 2073 168 2152 quitas
185 2074 333 2154 regionum
351 2069 549 2143 indicebatur,
569 2090 600 2131 ut
625 2073 751 2151 ciuitates

71 2174 92 2212 a
109 2153 245 2233 proximis
263 2150 387 2212 hibernis
405 2153 436 2210 in
450 2171 559 2211 remota
577 2161 604 2212 &
620 2153 684 2212 aria
703 2150 751 2211 de-

71 2232 193 2305 ferrent,
209 2233 319 2303 donec,
336 2231 414 2314 quod
430 2234 566 2294 omnibus
575 2233 605 2292 in
618 2250 752 2313 promptu

72 2334 153 2386 erat,
177 2317 271 2395 paucis
290 2315 430 2374 lucrosum
451 2311 537 2373 fieret.

113 2395 182 2456 XX.
204 2396 274 2456 Haec
293 2396 385 2475 primo
403 2393 497 2454 statim
520 2415 596 2454 anno
621 2395 749 2474 compri-

71 2476 198 2547 mendo,
220 2479 364 2559 egregiam
385 2474 494 2536 famam
514 2476 577 2557 paci
595 2473 752 2535 circumde-

71 2557 117 2618 dit
127 2580 137 2629 3
157 2579 219 2697 ‹ppae
236 2557 282 2618 vel
296 2556 484 2629 incutieflvel
505 2556 652 2618 toleranti&
672 2558 750 2636 prio-

71 2661 153 2711 rem,
188 2638 243 2701 aud
258 2636 348 2699 mimis
361 2638 448 2720 quim
463 2639 569 2698 bellum
586 2637 747 2696 timebatur.

71 2721 130 2780 Sed
147 2721 198 2780 ubi
213 2717 289 2780 aestas
305 2719 435 2790 advenit,
454 2721 597 2780 contrado
610 2719 748 2787 exercitu,

70 2804 199 2862 miiitum
209 2803 240 2862 in
249 2803 364 2886 agmine
374 2800 487 2864 laudate
497 2797 683 2942 modlpiiiam,
694 2797 751 2861 dis-

594 2901 624 2962 ¹¹1
