2000 3684
234 299 322 363 .118
378 294 415 362 C.
444 293 594 360 Coun.
627 290 812 359 TAtrtr

190 448 192 451 ·
256 413 391 476 funditur.
407 414 446 474 Et
460 411 567 472 damno
579 414 639 489 ejus
653 406 772 470 exterriti
783 454 793 479 ,
804 409 859 489 qui
872 409 939 470 sub-

255 496 359 556 sidium
385 495 455 554 ferre
482 493 656 562 debuerant,
685 512 732 550 sua
760 491 884 571 quisque
909 494 939 550 in

254 575 342 636 castra
359 573 469 656 trepidi
483 572 553 657 fugi
569 572 682 632 rediere.
703 571 796 649 Quod
813 573 938 654 graviter

255 658 385 720 Corbulo
399 657 525 737 accepit:
545 655 767 734 increpitumque
783 653 938 724 Patrium,

256 749 284 802 ὃ(
311 737 454 820 Ρτκῐεᾶος
466 783 475 810 ,
502 736 684 816 militesque,
711 737 819 794 tendere
842 757 937 794 omnes

253 839 334 881 extra
351 821 457 881 uallum
473 819 552 897 jussit
570 841 577 872 :
595 818 683 896 inque
704 837 737 874 ea
760 817 938 876 contumelia

256 902 380 971 detenti,
391 921 442 961 nec
454 900 509 960 nisi
521 899 648 979 precibus
663 898 785 956 universi
801 895 937 957 exercitiis

254 983 375 1046 exsoluti
393 1001 464 1042 sunt.
625 1037 627 1042 .
806 1007 808 1012 ·

295 1062 452 1123 XXXVII.
476 1062 516 1121 At
541 1057 682 1134 Tiridates
704 1077 784 1138 super
809 1061 936 1138 proprias

257 1144 420 1214 clientelas,
442 1163 497 1222 ope
519 1140 660 1222 Vologesi
684 1137 774 1200 fratris
799 1139 935 1218 adjutus,

255 1247 316 1285 non
339 1223 436 1282 furtim
458 1230 538 1303 jam,
556 1222 604 1282 sed
620 1221 714 1302 palam
726 1220 811 1295 ,bello
833 1221 935 1281 infen-

256 1327 316 1366 sare
334 1306 529 1374 Armeniam,
551 1323 677 1384 quosque
694 1299 766 1361 fidos
786 1302 874 1362 nobis
894 1324 936 1361 re·

259 1387 341 1446 batur
360 1385 542 1467 depopulari3
563 1394 590 1445 δι
607 1385 632 1444 si
654 1385 740 1462 copiae
764 1380 866 1442 contri
885 1383 936 1443 du-

258 1487 402 1539 cerentur,
427 1466 557 1536 eludere,
587 1461 641 1526 huc
672 1485 784 1544 quoque
814 1473 842 1524 &
870 1465 935 1524 illuc

256 1550 401 1619 volitans,
420 1548 498 1628 plura
521 1544 599 1606 fami
622 1567 709 1628 quam
729 1543 937 1628 pugnlrexter-

256 1631 430 1714 rere-Igitur
449 1628 598 1698 Corbu10,
617 1628 732 1708 quaesiro
749 1626 799 1685 diu
815 1629 936 1706 proelio,

257 1710 355 1771 frustra
380 1709 514 1779 habitus,
535 1719 562 1770 &
583 1708 712 1788 exemplo
734 1705 860 1767 hostium
882 1712 936 1768 cir·

258 1791 393 1852 cumferre
410 1792 516 1850 bellum
536 1793 668 1860 condius,
688 1788 818 1869 dispartit
841 1791 934 1861 vires,

257 1893 289 1931 ut
303 1873 390 1955 legati
410 1871 586 1952 praefectique
608 1871 731 1930 diversos
750 1871 832 1930 locos
853 1873 932 1951 pari-

258 1972 299 2012 ter
320 1951 495 2017 invaderent.
522 1953 613 2014 Simul
634 1971 730 2034 regem
755 1950 935 2013 Antiochum

258 2054 374 2104 monet,
392 2035 537 2107 proximat
561 2033 618 2093 sibi
636 2035 808 2110 praeftlluras
831 2053 933 2107 petere.

258 2114 337 2176 Nam
361 2112 580 2185 Pharasmanes,
602 2113 748 2176 interfedlo
772 2111 834 2174 filio
859 2113 936 2174 Rha·

259 2195 395 2270 damisto,
410 2198 490 2273 quasi
500 2197 639 2272 proditore
653 2197 716 2265 sui,
730 2192 790 2276 quo
805 2193 893 2254 fidem
906 2198 935 2256 in

258 2301 311 2340 nos
338 2277 498 2348 testarenu,
524 2297 602 2338 vetus
628 2276 756 2338 adversus
782 2277 935 2337 Armenios

258 2360 357 2419 odium
378 2357 530 2438 promptids
547 2359 699 2418 exercebar.
718 2357 860 2439 Tuncque
880 2360 936 2439 pri-

260 2439 339 2498 mdm
354 2440 450 2498 inretri
462 2437 592 2509 Insechi,
613 2460 680 2522 gens
697 2458 761 2508 anre
775 2440 846 2500 alias
859 2441 936 2518 socia

260 2521 417 2589 Romanis,
439 2523 511 2581 ‚avia
536 2522 676 2580 Armenia
701 2522 864 2581 incursavit.
892 2522 935 2581 Ita

260 2603 378 2662 consilia
394 2601 516 2662 Tiridati
535 2604 565 2662 in
585 2604 753 2661 contrarium
779 2603 935 2663 vertebant.

253 2683 451 2764 ¹Mittebatque
463 2703 603 2754 oratores,
619 2685 668 2764 qui
686 2704 735 2744 suo
751 2681 936 2743 Parthorum·

261 2785 316 2846 que
331 2767 448 2831 nomine
463 2763 667 2848 expostularent
674 2788 686 2840 5,
702 2786 750 2824 tur
765 2767 842 2826 daris
856 2786 939 2840 nuper
