2000 3684
151 297 381 376 Anunrruar
405 305 490 376 Lrn.
516 304 602 374 XII·
666 308 718 392 7¹⁶

75 435 151 481 tanen
163 427 306 500 consuluit,
324 424 470 490 necerim
488 423 715 487 interficerentur.

75 500 105 559 Et
119 500 295 570 Rhadamistus
307 511 386 593 quasi
395 507 573 590 jurisjurandi
586 527 713 579 memor,

75 583 250 662 mafanum,
276 613 334 652 non
357 611 498 653 venenum
529 592 560 650 in
591 609 718 650 sororem

76 670 230 745 &upatruum
260 675 428 754 expromit3
459 671 508 734 sed
530 674 668 754 projeetus
688 672 720 731 in

75 739 193 823 humum,
219 762 244 814 &
263 754 335 816 veste
360 756 449 817 multa
515 755 616 834 avique
641 771 722 834 oper-

77 841 112 886 tos
127 851 204 894 necat.
222 836 283 895 filii
300 858 413 920 quoque
430 775 626 906 MiiIIIdatis,
642 832 723 917 quaid

77 908 174 1001 caedibus
191 937 332 995 parentum
356 920 611 1000 inlaerymaverant
633 961 644 988 ,
667 935 723 976 tru·

78 989 144 1052 niati
162 1017 225 1058 sunt.

94 1153 98 1163 Ι
108 1071 227 1140 XLVIII.
240 1081 279 1142 At
291 1081 454 1159 Quadratus
465 1099 641 1165 cognoscens
651 1099 721 1160 pto·

77 1148 147 1216 dnum
164 1159 367 1235 Mithridaten,
388 1173 415 1225 &
440 1183 559 1247 regnum
580 1161 619 1222 ab
636 1163 724 1222 inter·

79 1231 203 1302 fenoribus
234 1245 357 1306 obtineri
384 1289 394 1317 ‚
427 1265 513 1305 vocat
542 1244 726 1316 consilium,

79 1313 143 1380 docet
165 1327 246 1398 aeta,
273 1337 301 1388 &
324 1349 360 1386 an
379 1326 555 1387 ulcisceretur
576 1327 727 1386 consultat.

78 1394 156 1492 Paucis
177 1406 255 1468 decus
280 1408 427 1490 publicum
440 1430 511 1468 curae
530 1431 538 1465 a
558 1408 649 1490 plures
667 1425 729 1466 tuta

80 1477 203 1548 urserunt:
219 1489 312 1550 Omne
328 1491 417 1550 scelus
430 1509 570 1550 extentum
583 1511 643 1548 cum
656 1489 729 1547 lati·

80 1563 111 1621 tit
127 1565 265 1632 habendum
289 1596 298 1632 .·
313 1573 422 1633 semina
437 1573 523 1630 etiam
540 1571 663 1629 odiorum
671 1571 730 1650 ja·

81 1645 172 1722 cienda,
190 1673 218 1712 ut
232 1677 305 1730 sapt
317 1653 458 1728 principes
475 1651 597 1710 Romani
612 1653 733 1710 candem

80 1725 243 1808 Armeniam,
270 1737 361 1810 specie
385 1734 545 1814 largitionis
555 1779 567 1806 ,
591 1732 735 1794 turbandis

82 1806 226 1877 barbarorum
252 1817 365 1878 animis
393 1814 565 1892 praebuerint.
593 1815 738 1875 Potiretur

82 1886 248 1982 Rhadamt'stus
262 1899 337 1960 mare
344 1899 455 1974 partis,
466 1901 530 1960 dum
542 1898 672 1968 invisus,
690 1899 736 1956 in·

78 1972 169 2052 famis5
187 1983 295 2058 quando
311 1982 343 2040 id
356 1981 445 2060 mgis
465 2003 500 2038 tx
518 2002 589 2051 usu,
610 1978 691 2057 quiem
707 1980 738 2039 si

84 2074 129 2145 tum
142 2063 225 2138 gloria
244 2066 358 2136 adeptus
365 2063 450 2142 foren
475 2061 510 2120 In
529 2058 603 2120 hanc
623 2078 738 2120 senten·

83 2151 136 2199 trani
145 2143 220 2206 itum.
232 2145 281 2206 Ne
293 2163 388 2203 tamen
402 2145 533 2202 annuisse
548 2141 669 2202 facInori
686 2143 737 2200 vi-

84 2215 221 2298 derentur,
255 2237 284 2288 &
312 2225 419 2284 diuersa
439 2223 536 2283 Caesar
559 2224 739 2304 praeciperet,

82 2301 145 2364 missi
156 2307 191 2367 ad
203 2305 417 2369 Pharasmanen
429 2305 538 2373 nuntii,
551 2322 581 2362 ut
591 2302 742 2363 abscederet

82 2403 96 2438 α
109 2387 202 2463 finibus
222 2387 395 2460 Armeniis,
408 2386 551 2466 filiumque
568 2384 740 2467 abstraheret.

114 2465 213 2531 XLIX.
247 2473 318 2532 Erat
351 2467 544 2548 Cappadociae
581 2485 743 2548 procurator

83 2541 155 2611 Iulius
175 2553 333 2638 Pelignus,
358 2551 454 2634 ignavi
477 2551 591 2618 animi,
615 2557 643 2608 &
663 2549 741 2608 deri-

84 2623 163 2692 diculo
190 2634 317 2715 corporis
344 2629 422 2712 juxti
449 2629 664 2712 despiciendus;
695 2628 744 2690 sed

84 2707 194 2776 CIaudio
222 2735 359 2798 perquam
379 2712 554 2784 familiaris,
582 2733 670 2794 quum
690 2714 747 2792 pri·
790 2754 796 2758 -

83 2811 149 2860 vatus
169 2799 244 2860 olim
268 2796 478 2860 conversatione
498 2816 651 2876 scurrarum
674 2796 749 2853 nnete
