2000 3684
207 291 210 295 ’
236 321 302 388 ¹70
370 295 408 364 C.
437 295 583 366 coru.
613 295 817 365 Tncrrr'

271 415 389 478 XXXV
390 415 414 475 Ι.
430 415 478 475 Ne
487 415 647 476 ¹Suetonius
660 415 778 498 quidem
790 417 820 476 in
836 434 935 478 tanto·

231 499 393 560 discrimine
410 497 512 558 silebat
533 520 540 554 :
560 499 629 580 qui,
651 517 830 578 quamquam
853 515 935 560 con-'

231 580 331 642 fideret
356 581 472 652 virtuti,
510 598 607 638 tamen
644 576 859 641 exhortationes
892 591 920 642 δε

231 683 326 745 preces
340 661 496 722 miscebat:
518 661 559 720 Ut
567 680 723 736 spernerent
733 683 851 722 sonores
862 663 921 722 bar·

232 745 373 815 batorum,
390 741 418 803 b
434 745 532 802 inertes
545 744 637 802 minos
655 766 666 800 t
677 745 743 818 plus
758 741 822 802 illic
828 745 921 822 ferni·

232 848 348 897 narum,
362 823 442 904 quim
450 825 612 906 juventutis
629 826 737 899 adspici
750 849 760 883 .·
774 825 918 898 imbeHes,

233 906 372 977 inermes,
394 926 517 965 cessuros
529 907 645 987 statim,
670 907 716 964 obi
730 907 841 984 fimum
860 908 919 968 vir-

234 1007 370 1066 tutemque
379 988 549 1047 vincentium
557 1032 569 1056 ,
582 988 683 1046 totiens
688 988 771 1064 fieri,
782 990 919 1066 agnovis-

234 1089 298 1131 sent
326 1070 442 1128 :etiarn
465 1071 496 1126 in
521 1068 617 1152 multis
644 1069 796 1148 legionibus
813 1092 918 1144 paucos

234 1174 313 1220 esse,
342 1149 390 1227 qui
413 1148 515 1226 prolia
536 1151 713 1230 profligarent
743 1152 919 1229 :gloriaque

235 1253 327 1292 eorum
338 1252 507 1290 accessurum
515 1275 526 1301 ‚
535 1231 607 1307 quid
613 1233 718 1290 modico
726 1253 845 1304 motuis,
857 1234 919 1292 urti-

234 1313 313 1376 verst'
332 1311 465 1372 exercitiis
475 1313 585 1391 fhnmrn
606 1314 828 1387 adipiscerentur.
851 1317 919 1374 Con·

230 1395 303 1475 ferti
316 1410 443 1466 tontum,
457 1391 484 1453 ἃ
497 1393 567 1468 pilis
577 1394 708 1465 emissis,
721 1394 782 1476 pisi
792 1394 917 1454 umboni-

237 1476 287 1536 bus
305 1472 449 1554 &gladiis
460 1523 470 1546 ,
481 1477 600 1556 stragem
617 1474 761 1554 codemque
775 1479 920 1538 continua·

238 1576 320 1628 rent,
340 1560 437 1631 preda
459 1558 659 1617 immemores:
677 1559 761 1640 partci
781 1560 918 1630 viiioriei,

237 1647 334 1699 cunda
352 1638 426 1713 ipsis
442 1657 561 1698 cessura.
581 1639 608 1698 Is
630 1637 712 1698 ardor
732 1638 820 1699 verba
842 1639 919 1700 ducis

212 1786 226 1796 ν
236 1719 425 1800 sequebatur,
439 1721 479 1778 ita
495 1741 524 1779 ae
543 1718 580 1779 ad
595 1719 782 1801 intorquenda
795 1719 855 1800 pila
867 1743 917 1781 ex·

238 1801 366 1882 pedietat
384 1819 464 1860 vetus
485 1801 567 1861 miles
589 1811 622 1876 &¹
638 1797 728 1860 multi
755 1803 918 1882 proeliorutn

239 1880 432 1962 experientia,
452 1900 484 1940 ut
503 1901 590 1942 cernis
611 1880 726 1944 eventius
747 1883 919 1956 Suetonius,

238 1961 347 2042 datetp
388 1965 564 2046 naesignum.

260 2071 263 2076 ·
280 2043 366 2104 XXX
399 2043 437 2105 11.
456 2047 500 2105 Ac
521 2043 643 2127 primiim
656 2045 735 2130 legio
743 2045 843 2130 gradu
860 2049 918 2107 itu⁴

239 2143 343 2198 mota,
363 2135 391 2188 δι
414 2125 556 2210 angustias
583 2128 639 2188 loci
664 2148 715 2208 pro
740 2131 919 2189 munimento

240 2209 392 2281 retinens,
428 2206 577 2290 postquam
612 2206 724 2290 propitia
761 2229 920 2295 suggressus

240 2287 330 2352 hostis
356 2310 432 2349 certo
458 2293 534 2370 jactu
558 2289 613 2350 tela
638 2287 822 2363 exhauserat,
847 2293 921 2352 velut

240 2393 332 2432 cuneo
350 2373 448 2452 erupit.
471 2371 552 2432 idern
571 2373 747 2432 auxiliarium
771 2374 893 2454 impetus
911 2395 919 2432 t

243 2463 272 2513 δι
287 2473 387 2534 eques,
401 2456 552 2534 protentis·
561 2450 663 2523 hastis,
681 2452 832 2536 perfringit
844 2453 920 2536 quod

242 2533 362 2594 obvium
375 2531 542 2594 &validum
562 2529 630 2594 erata
650 2533 746 2595 Ceteri
764 2555 846 2618 terga
859 2557 923 2617 pra·

243 2615 349 2688 buere,
368 2615 477 2676 difficili
497 2613 623 2756 effugio,
653 2617 719 2696 quia
741 2617 921 2696 circumjetia

244 2695 373 2756 vehicula
387 2717 556 2777 sepseranta
578 2699 640 2757 itus.
658 2697 696 2756 Et
713 2697 795 2771 utiles
811 2719 849 2758 ne
860 2719 923 2758 mu-

242 2777 343 2838 lieturn'
351 2779 467 2860 quidem
476 2783 540 2840 neci
552 2777 741 2862 temperabat:
752 2777 922 2863 confixaque
