<?xml version="1.0" encoding="UTF-8"?>
<!DOCTYPE html PUBLIC "-//W3C//DTD XHTML 1.0 Transitional//EN"
    "http://www.w3.org/TR/xhtml1/DTD/xhtml1-transitional.dtd">
<html xmlns="http://www.w3.org/1999/xhtml" xml:lang="en" lang="en">
 <head>
  <title>
</title>
<meta http-equiv="Content-Type" content="text/html;charset=utf-8" />
  <meta name='ocr-system' content='tesseract 3.04.00' />
  <meta name='ocr-capabilities' content='ocr_page ocr_carea ocr_par ocr_line ocrx_word'/>
</head>
<body>
  <div class='ocr_page' id='page_1' title='image "./ccorneliitaciti01lallgoog_0348.png"; bbox 0 0 2000 3684; ppageno 0'>
   <div class='ocr_carea' id='block_1_1' title="bbox 252 209 811 338">
    <p class='ocr_par' dir='ltr' id='par_1_1' title="bbox 252 209 811 338">
     <span class='ocr_line' id='line_1_1' title="bbox 252 209 811 338; baseline 0.014 -22"><span class='ocrx_word' id='word_1_1' title='bbox 252 209 321 338; x_wconf 67' lang='lat'>336</span> <span class='ocrx_word' id='word_1_2' title='bbox 386 229 424 318; x_wconf 70' lang='lat' dir='ltr'>C}</span> <span class='ocrx_word' id='word_1_3' title='bbox 453 250 597 321; x_wconf 77' lang='lat' dir='ltr'>contr.</span> <span class='ocrx_word' id='word_1_4' title='bbox 627 252 811 324; x_wconf 74' lang='lat' dir='ltr'>Tacrrr</span> 
     </span>
    </p>
   </div>
   <div class='ocr_carea' id='block_1_2' title="bbox 244 369 938 698">
    <p class='ocr_par' dir='ltr' id='par_1_2' title="bbox 244 369 938 698">
     <span class='ocr_line' id='line_1_2' title="bbox 246 369 936 455; baseline 0.007 -24"><span class='ocrx_word' id='word_1_5' title='bbox 246 392 333 455; x_wconf 71' lang='lat' dir='ltr'>regen</span> <span class='ocrx_word' id='word_1_6' title='bbox 353 372 427 432; x_wconf 88' lang='lat' dir='ltr'>Mox</span> <span class='ocrx_word' id='word_1_7' title='bbox 444 369 548 429; x_wconf 86' lang='lat' dir='ltr'>Didius</span> <span class='ocrx_word' id='word_1_8' title='bbox 567 370 666 432; x_wconf 82' lang='lat' dir='ltr'>Gallus</span> <span class='ocrx_word' id='word_1_9' title='bbox 682 391 761 451; x_wconf 84' lang='lat' dir='ltr'>parta</span> <span class='ocrx_word' id='word_1_10' title='bbox 782 397 799 434; x_wconf 93' lang='lat' dir='ltr'>a</span> <span class='ocrx_word' id='word_1_11' title='bbox 821 376 936 455; x_wconf 85' lang='lat' dir='ltr'>priori-</span> 
     </span>
     <span class='ocr_line' id='line_1_3' title="bbox 247 451 938 532; baseline 0.009 -20"><span class='ocrx_word' id='word_1_12' title='bbox 247 453 299 513; x_wconf 87' lang='lat' dir='ltr'>bus</span> <span class='ocrx_word' id='word_1_13' title='bbox 322 455 480 523; x_wconf 84' lang='lat' dir='ltr'><strong>continuit,</strong></span> <span class='ocrx_word' id='word_1_14' title='bbox 502 454 599 532; x_wconf 76' lang='lat' dir='ltr'>paucis</span> <span class='ocrx_word' id='word_1_15' title='bbox 621 451 778 514; x_wconf 79' lang='lat' dir='ltr'><strong>admodum</strong></span> <span class='ocrx_word' id='word_1_16' title='bbox 809 456 938 519; x_wconf 81' lang='lat' dir='ltr'>castellis</span> 
     </span>
     <span class='ocr_line' id='line_1_4' title="bbox 245 535 937 616; baseline 0.009 -22"><span class='ocrx_word' id='word_1_17' title='bbox 245 536 276 594; x_wconf 87' lang='lat' dir='ltr'>io</span> <span class='ocrx_word' id='word_1_18' title='bbox 294 536 424 596; x_wconf 82' lang='lat' dir='ltr'>ulteriora</span> <span class='ocrx_word' id='word_1_19' title='bbox 437 535 593 615; x_wconf 72' lang='lat' dir='ltr'>promotis,</span> <span class='ocrx_word' id='word_1_20' title='bbox 615 553 662 612; x_wconf 86' lang='lat' dir='ltr'>per</span> <span class='ocrx_word' id='word_1_21' title='bbox 674 555 736 616; x_wconf 80' lang='lat' dir='ltr'>qun</span> <span class='ocrx_word' id='word_1_22' title='bbox 752 535 846 608; x_wconf 65' lang='lat' dir='ltr'>fama„</span> <span class='ocrx_word' id='word_1_23' title='bbox 856 542 937 600; x_wconf 74' lang='lat' dir='ltr'>auffi</span> 
     </span>
     <span class='ocr_line' id='line_1_5' title="bbox 244 615 938 698; baseline 0.006 -22"><span class='ocrx_word' id='word_1_24' title='bbox 244 616 333 676; x_wconf 85' lang='lat' dir='ltr'>officii</span> <span class='ocrx_word' id='word_1_25' title='bbox 358 635 531 698; x_wconf 77' lang='lat' dir='ltr'>quareretur.</span> <span class='ocrx_word' id='word_1_26' title='bbox 563 615 684 675; x_wconf 87' lang='lat' dir='ltr'>Didium</span> <span class='ocrx_word' id='word_1_27' title='bbox 708 617 857 678; x_wconf 78' lang='lat' dir='ltr'>Veranius</span> <span class='ocrx_word' id='word_1_28' title='bbox 886 629 938 680; x_wconf 82' lang='lat' dir='ltr'>ex-&#39;</span> 
     </span>
    </p>
   </div>
   <div class='ocr_carea' id='block_1_3' title="bbox 196 697 934 778">
    <p class='ocr_par' dir='ltr' id='par_1_3' title="bbox 196 697 934 778">
     <span class='ocr_line' id='line_1_6' title="bbox 196 697 934 778; baseline 0.011 -23"><span class='ocrx_word' id='word_1_29' title='bbox 196 756 200 764; x_wconf 81' lang='grc'><em>,</em></span> <span class='ocrx_word' id='word_1_30' title='bbox 244 699 340 777; x_wconf 80' lang='lat' dir='ltr'>cepit,</span> <span class='ocrx_word' id='word_1_31' title='bbox 365 699 443 778; x_wconf 89' lang='lat' dir='ltr'>isque</span> <span class='ocrx_word' id='word_1_32' title='bbox 467 699 540 758; x_wconf 86' lang='lat' dir='ltr'>intra</span> <span class='ocrx_word' id='word_1_33' title='bbox 564 717 669 756; x_wconf 91' lang='lat' dir='ltr'>annurn</span> <span class='ocrx_word' id='word_1_34' title='bbox 697 697 854 760; x_wconf 70' lang='lat' dir='ltr'>exstinctus</span> <span class='ocrx_word' id='word_1_35' title='bbox 885 699 934 764; x_wconf 91' lang='lat' dir='ltr'>est.</span> 
     </span>
    </p>
   </div>
   <div class='ocr_carea' id='block_1_4' title="bbox 231 777 936 2325">
    <p class='ocr_par' dir='ltr' id='par_1_4' title="bbox 241 777 936 1188">
     <span class='ocr_line' id='line_1_7' title="bbox 243 777 933 862; baseline 0.004 -24"><span class='ocrx_word' id='word_1_36' title='bbox 243 778 394 839; x_wconf 80' lang='lat' dir='ltr'>Suetonius</span> <span class='ocrx_word' id='word_1_37' title='bbox 413 777 479 836; x_wconf 88' lang='lat' dir='ltr'>hinc</span> <span class='ocrx_word' id='word_1_38' title='bbox 502 779 646 838; x_wconf 86' lang='lat' dir='ltr'>Paullinus</span> <span class='ocrx_word' id='word_1_39' title='bbox 666 779 783 838; x_wconf 86' lang='lat' dir='ltr'>biennio</span> <span class='ocrx_word' id='word_1_40' title='bbox 804 801 933 862; x_wconf 83' lang='lat' dir='ltr'>prospe·</span> 
     </span>
     <span class='ocr_line' id='line_1_8' title="bbox 242 858 936 930; baseline 0.007 -11"><span class='ocrx_word' id='word_1_41' title='bbox 242 880 288 920; x_wconf 89' lang='lat' dir='ltr'>ras</span> <span class='ocrx_word' id='word_1_42' title='bbox 305 881 349 921; x_wconf 80' lang='lat' dir='ltr'>res</span> <span class='ocrx_word' id='word_1_43' title='bbox 368 858 487 930; x_wconf 85' lang='lat' dir='ltr'>habuit,</span> <span class='ocrx_word' id='word_1_44' title='bbox 505 860 627 922; x_wconf 73' lang='lat' dir='ltr'>subactis</span> <span class='ocrx_word' id='word_1_45' title='bbox 645 861 808 921; x_wconf 84' lang='lat' dir='ltr'>nationibus</span> <span class='ocrx_word' id='word_1_46' title='bbox 836 861 936 924; x_wconf 85' lang='lat' dir='ltr'>firma-</span> 
     </span>
     <span class='ocr_line' id='line_1_9' title="bbox 243 939 934 1024; baseline 0.007 -24"><span class='ocrx_word' id='word_1_47' title='bbox 243 942 337 1024; x_wconf 77' lang='lat' dir='ltr'>tisque</span> <span class='ocrx_word' id='word_1_48' title='bbox 354 942 487 1022; x_wconf 72' lang='lat' dir='ltr'>presidiis</span> <span class='ocrx_word' id='word_1_49' title='bbox 505 965 511 998; x_wconf 91' lang='lat'>:</span> <span class='ocrx_word' id='word_1_50' title='bbox 531 963 652 1022; x_wconf 87' lang='lat' dir='ltr'>quorum</span> <span class='ocrx_word' id='word_1_51' title='bbox 674 939 778 1001; x_wconf 69' lang='lat' dir='ltr'>fiducia</span> <span class='ocrx_word' id='word_1_52' title='bbox 798 943 934 1006; x_wconf 85' lang='lat' dir='ltr'>Monam</span> 
     </span>
     <span class='ocr_line' id='line_1_10' title="bbox 242 1023 933 1100; baseline 0.004 -17"><span class='ocrx_word' id='word_1_53' title='bbox 242 1024 380 1095; x_wconf 86' lang='lat' dir='ltr'>insulam,</span> <span class='ocrx_word' id='word_1_54' title='bbox 398 1043 428 1082; x_wconf 90' lang='lat' dir='ltr'>ut</span> <span class='ocrx_word' id='word_1_55' title='bbox 442 1025 513 1083; x_wconf 88' lang='lat' dir='ltr'>vires</span> <span class='ocrx_word' id='word_1_56' title='bbox 529 1023 678 1083; x_wconf 83' lang='lat' dir='ltr'>rebellibus</span> <span class='ocrx_word' id='word_1_57' title='bbox 696 1023 933 1100; x_wconf 85' lang='lat' dir='ltr'>ministrantem,</span> 
     </span>
     <span class='ocr_line' id='line_1_11' title="bbox 241 1104 819 1188; baseline -0.002 -23"><span class='ocrx_word' id='word_1_58' title='bbox 241 1104 280 1165; x_wconf 80' lang='lat' dir='ltr'>ad</span> <span class='ocrx_word' id='word_1_59' title='bbox 312 1126 403 1175; x_wconf 73' lang='lat' dir='ltr'>ersus,</span> <span class='ocrx_word' id='word_1_60' title='bbox 420 1123 499 1188; x_wconf 86' lang='lat' dir='ltr'>terga</span> <span class='ocrx_word' id='word_1_61' title='bbox 517 1106 660 1164; x_wconf 87' lang='lat' dir='ltr'>occasioni</span> <span class='ocrx_word' id='word_1_62' title='bbox 676 1104 819 1184; x_wconf 85' lang='lat' dir='ltr'>patefecit.</span> 
     </span>
    </p>

    <p class='ocr_par' dir='ltr' id='par_1_5' title="bbox 231 1125 930 2325">
     <span class='ocr_line' id='line_1_12' title="bbox 281 1125 930 1270; baseline 0.005 -23"><span class='ocrx_word' id='word_1_63' title='bbox 281 1125 352 1247; x_wconf 63' lang='lat' dir='ltr'>illl.</span> <span class='ocrx_word' id='word_1_64' title='bbox 380 1187 515 1268; x_wconf 87' lang='lat' dir='ltr'>Namque</span> <span class='ocrx_word' id='word_1_65' title='bbox 549 1185 676 1246; x_wconf 60' lang='lat' dir='ltr'>absenti&amp;</span> <span class='ocrx_word' id='word_1_66' title='bbox 696 1186 786 1270; x_wconf 86' lang='lat' dir='ltr'>legari</span> <span class='ocrx_word' id='word_1_67' title='bbox 808 1207 930 1250; x_wconf 86' lang='lat' dir='ltr'>remoto</span> 
     </span>
     <span class='ocr_line' id='line_1_13' title="bbox 240 1267 928 1352; baseline 0.004 -25"><span class='ocrx_word' id='word_1_68' title='bbox 240 1287 334 1339; x_wconf 87' lang='lat' dir='ltr'>metu,</span> <span class='ocrx_word' id='word_1_69' title='bbox 350 1267 477 1327; x_wconf 80' lang='lat' dir='ltr'>Britanni</span> <span class='ocrx_word' id='word_1_70' title='bbox 494 1270 602 1352; x_wconf 81' lang='lat' dir='ltr'>agitare</span> <span class='ocrx_word' id='word_1_71' title='bbox 620 1271 692 1327; x_wconf 90' lang='lat' dir='ltr'>inter</span> <span class='ocrx_word' id='word_1_72' title='bbox 706 1289 736 1328; x_wconf 83' lang='lat' dir='ltr'>se</span> <span class='ocrx_word' id='word_1_73' title='bbox 756 1269 839 1329; x_wconf 84' lang='lat' dir='ltr'>mala</span> <span class='ocrx_word' id='word_1_74' title='bbox 864 1291 928 1330; x_wconf 85' lang='lat' dir='ltr'>ser-</span> 
     </span>
     <span class='ocr_line' id='line_1_14' title="bbox 240 1348 927 1431; baseline 0.006 -23"><span class='ocrx_word' id='word_1_75' title='bbox 240 1351 356 1420; x_wconf 83' lang='lat' dir='ltr'>uitutis,</span> <span class='ocrx_word' id='word_1_76' title='bbox 390 1348 515 1408; x_wconf 88' lang='lat' dir='ltr'>conferre</span> <span class='ocrx_word' id='word_1_77' title='bbox 555 1351 690 1428; x_wconf 85' lang='lat' dir='ltr'>injurias,</span> <span class='ocrx_word' id='word_1_78' title='bbox 721 1358 749 1410; x_wconf 87' lang='lat'>&amp;</span> <span class='ocrx_word' id='word_1_79' title='bbox 779 1351 927 1431; x_wconf 86' lang='lat' dir='ltr'>interpre-</span> 
     </span>
     <span class='ocr_line' id='line_1_15' title="bbox 239 1431 925 1510; baseline 0.003 -20"><span class='ocrx_word' id='word_1_80' title='bbox 239 1431 329 1491; x_wconf 87' lang='lat' dir='ltr'>tando</span> <span class='ocrx_word' id='word_1_81' title='bbox 348 1431 499 1490; x_wconf 83' lang='lat' dir='ltr'>accendere</span> <span class='ocrx_word' id='word_1_82' title='bbox 520 1454 527 1490; x_wconf 82' lang='lat' dir='ltr'>t</span> <span class='ocrx_word' id='word_1_83' title='bbox 546 1431 635 1492; x_wconf 86' lang='lat' dir='ltr'>Nihil</span> <span class='ocrx_word' id='word_1_84' title='bbox 646 1432 745 1510; x_wconf 77' lang='lat' dir='ltr'>profici</span> <span class='ocrx_word' id='word_1_85' title='bbox 758 1433 925 1506; x_wconf 79' lang='lat' dir='ltr'>patientiri,</span> 
     </span>
     <span class='ocr_line' id='line_1_16' title="bbox 239 1513 925 1592; baseline 0.006 -22"><span class='ocrx_word' id='word_1_86' title='bbox 239 1515 299 1573; x_wconf 88' lang='lat' dir='ltr'>nisi</span> <span class='ocrx_word' id='word_1_87' title='bbox 313 1532 343 1572; x_wconf 86' lang='lat' dir='ltr'>ut</span> <span class='ocrx_word' id='word_1_88' title='bbox 354 1514 500 1592; x_wconf 78' lang='lat' dir='ltr'>grauiora,</span> <span class='ocrx_word' id='word_1_89' title='bbox 513 1531 650 1590; x_wconf 79' lang='lat' dir='ltr'>tamquam</span> <span class='ocrx_word' id='word_1_90' title='bbox 663 1535 697 1572; x_wconf 83' lang='lat' dir='ltr'>ex</span> <span class='ocrx_word' id='word_1_91' title='bbox 702 1513 792 1590; x_wconf 81' lang='lat' dir='ltr'>facili</span> <span class='ocrx_word' id='word_1_92' title='bbox 802 1515 925 1574; x_wconf 86' lang='lat' dir='ltr'>toleran-</span> 
     </span>
     <span class='ocr_line' id='line_1_17' title="bbox 239 1594 923 1674; baseline 0.007 -23"><span class='ocrx_word' id='word_1_93' title='bbox 239 1594 314 1654; x_wconf 75' lang='lat' dir='ltr'>tibus</span> <span class='ocrx_word' id='word_1_94' title='bbox 322 1641 334 1667; x_wconf 87' lang='lat'><em>,</em></span> <span class='ocrx_word' id='word_1_95' title='bbox 345 1597 533 1670; x_wconf 82' lang='lat' dir='ltr'>imperentur.-</span> <span class='ocrx_word' id='word_1_96' title='bbox 554 1596 676 1674; x_wconf 81' lang='lat' dir='ltr'>singulas</span> <span class='ocrx_word' id='word_1_97' title='bbox 691 1595 747 1652; x_wconf 81' lang='lat' dir='ltr'>sibi</span> <span class='ocrx_word' id='word_1_98' title='bbox 762 1596 832 1652; x_wconf 91' lang='lat' dir='ltr'>olim</span> <span class='ocrx_word' id='word_1_99' title='bbox 848 1617 923 1674; x_wconf 78' lang='lat' dir='ltr'>reges</span> 
     </span>
     <span class='ocr_line' id='line_1_18' title="bbox 231 1673 922 1754; baseline 0.003 -19"><span class='ocrx_word' id='word_1_100' title='bbox 231 1676 348 1752; x_wconf 82' lang='lat' dir='ltr'>fuisse,</span> <span class='ocrx_word' id='word_1_101' title='bbox 363 1697 433 1735; x_wconf 87' lang='lat' dir='ltr'>nunt</span> <span class='ocrx_word' id='word_1_102' title='bbox 443 1676 521 1736; x_wconf 82' lang='lat' dir='ltr'>binos</span> <span class='ocrx_word' id='word_1_103' title='bbox 535 1676 640 1750; x_wconf 87' lang='lat' dir='ltr'>imponi</span> <span class='ocrx_word' id='word_1_104' title='bbox 650 1697 664 1748; x_wconf 90' lang='lat'><em>;</em></span> <span class='ocrx_word' id='word_1_105' title='bbox 678 1673 798 1752; x_wconf 81' lang='lat' dir='ltr'>equibus</span> <span class='ocrx_word' id='word_1_106' title='bbox 811 1677 922 1754; x_wconf 75' lang='lat' dir='ltr'>legatus</span> 
     </span>
     <span class='ocr_line' id='line_1_19' title="bbox 238 1757 919 1837; baseline 0.003 -21"><span class='ocrx_word' id='word_1_107' title='bbox 238 1759 270 1816; x_wconf 88' lang='lat' dir='ltr'>in</span> <span class='ocrx_word' id='word_1_108' title='bbox 286 1760 468 1837; x_wconf 74' lang='lat' dir='ltr'>sanguinem,</span> <span class='ocrx_word' id='word_1_109' title='bbox 476 1775 637 1833; x_wconf 83' lang='lat' dir='ltr'>procurator</span> <span class='ocrx_word' id='word_1_110' title='bbox 648 1758 678 1816; x_wconf 88' lang='lat' dir='ltr'>in</span> <span class='ocrx_word' id='word_1_111' title='bbox 694 1757 765 1816; x_wconf 85' lang='lat' dir='ltr'>bona</span> <span class='ocrx_word' id='word_1_112' title='bbox 785 1760 919 1818; x_wconf 72' lang='lat' dir='ltr'>savina.-</span> 
     </span>
     <span class='ocr_line' id='line_1_20' title="bbox 238 1837 918 1916; baseline 0.001 -19"><span class='ocrx_word' id='word_1_113' title='bbox 238 1839 310 1915; x_wconf 72' lang='lat' dir='ltr'>aqui</span> <span class='ocrx_word' id='word_1_114' title='bbox 329 1840 495 1898; x_wconf 84' lang='lat' dir='ltr'>discordiam</span> <span class='ocrx_word' id='word_1_115' title='bbox 511 1840 738 1915; x_wconf 78' lang='lat' dir='ltr'>praepositorum,</span> <span class='ocrx_word' id='word_1_116' title='bbox 763 1837 836 1916; x_wconf 69' lang='lat' dir='ltr'>aqui</span> <span class='ocrx_word' id='word_1_117' title='bbox 857 1861 918 1899; x_wconf 87' lang='lat' dir='ltr'>con·</span> 
     </span>
     <span class='ocr_line' id='line_1_21' title="bbox 238 1920 917 2000; baseline 0.004 -23"><span class='ocrx_word' id='word_1_118' title='bbox 238 1921 359 1978; x_wconf 86' lang='lat' dir='ltr'>cordiam</span> <span class='ocrx_word' id='word_1_119' title='bbox 376 1920 503 2000; x_wconf 66' lang='lat' dir='ltr'>subjenis</span> <span class='ocrx_word' id='word_1_120' title='bbox 526 1923 673 1980; x_wconf 80' lang='lat' dir='ltr'>exitiosam</span> <span class='ocrx_word' id='word_1_121' title='bbox 693 1943 704 1978; x_wconf 83' lang='lat' dir='ltr'>t</span> <span class='ocrx_word' id='word_1_122' title='bbox 724 1921 842 1978; x_wconf 85' lang='lat' dir='ltr'>alterius</span> <span class='ocrx_word' id='word_1_123' title='bbox 860 1943 917 1980; x_wconf 83' lang='lat' dir='ltr'>rna-</span> 
     </span>
     <span class='ocr_line' id='line_1_22' title="bbox 238 1997 914 2071; baseline 0.001 -12"><span class='ocrx_word' id='word_1_124' title='bbox 238 2021 313 2071; x_wconf 86' lang='lat' dir='ltr'>uus,</span> <span class='ocrx_word' id='word_1_125' title='bbox 339 2004 507 2061; x_wconf 82' lang='lat' dir='ltr'>centuriones</span> <span class='ocrx_word' id='word_1_126' title='bbox 529 2003 669 2071; x_wconf 83' lang='lat' dir='ltr'>alterius,</span> <span class='ocrx_word' id='word_1_127' title='bbox 686 2001 749 2062; x_wconf 78' lang='lat' dir='ltr'>uim</span> <span class='ocrx_word' id='word_1_128' title='bbox 773 1997 914 2061; x_wconf 71' lang='lat' dir='ltr'>&amp;contu-</span> 
     </span>
     <span class='ocr_line' id='line_1_23' title="bbox 237 2082 917 2164; baseline 0 -22"><span class='ocrx_word' id='word_1_129' title='bbox 237 2083 336 2142; x_wconf 80' lang='lat' dir='ltr'>melias</span> <span class='ocrx_word' id='word_1_130' title='bbox 351 2086 461 2142; x_wconf 80' lang='lat' dir='ltr'>miscere</span> <span class='ocrx_word' id='word_1_131' title='bbox 480 2083 644 2164; x_wconf 65' lang='lat' dir='ltr'>:nihil‘jam</span> <span class='ocrx_word' id='word_1_132' title='bbox 659 2084 828 2157; x_wconf 80' lang='lat' dir='ltr'>cupiditati,</span> <span class='ocrx_word' id='word_1_133' title='bbox 843 2082 917 2142; x_wconf 81' lang='lat' dir='ltr'>nihil</span> 
     </span>
     <span class='ocr_line' id='line_1_24' title="bbox 237 2163 912 2242; baseline 0.006 -22"><span class='ocrx_word' id='word_1_134' title='bbox 237 2163 350 2224; x_wconf 82' lang='lat' dir='ltr'>libidini</span> <span class='ocrx_word' id='word_1_135' title='bbox 364 2181 502 2239; x_wconf 79' lang='lat' dir='ltr'>exceptum</span> <span class='ocrx_word' id='word_1_136' title='bbox 522 2187 532 2223; x_wconf 91' lang='lat'>.·</span> <span class='ocrx_word' id='word_1_137' title='bbox 548 2166 579 2224; x_wconf 89' lang='lat' dir='ltr'>in</span> <span class='ocrx_word' id='word_1_138' title='bbox 586 2165 685 2239; x_wconf 76' lang='lat' dir='ltr'>praelio</span> <span class='ocrx_word' id='word_1_139' title='bbox 696 2164 844 2242; x_wconf 82' lang='lat' dir='ltr'>fortiorem</span> <span class='ocrx_word' id='word_1_140' title='bbox 855 2185 912 2224; x_wconf 85' lang='lat' dir='ltr'>esse</span> 
     </span>
     <span class='ocr_line' id='line_1_25' title="bbox 237 2243 912 2325; baseline 0.003 -21"><span class='ocrx_word' id='word_1_141' title='bbox 237 2247 285 2322; x_wconf 82' lang='lat' dir='ltr'>qui</span> <span class='ocrx_word' id='word_1_142' title='bbox 296 2247 397 2321; x_wconf 83' lang='lat' dir='ltr'>spoliet</span> <span class='ocrx_word' id='word_1_143' title='bbox 404 2269 419 2319; x_wconf 88' lang='lat'>,·</span> <span class='ocrx_word' id='word_1_144' title='bbox 437 2267 508 2305; x_wconf 87' lang='lat' dir='ltr'>nunc</span> <span class='ocrx_word' id='word_1_145' title='bbox 529 2245 563 2306; x_wconf 86' lang='lat' dir='ltr'>ab</span> <span class='ocrx_word' id='word_1_146' title='bbox 584 2247 695 2325; x_wconf 80' lang='lat' dir='ltr'>ignauis</span> <span class='ocrx_word' id='word_1_147' title='bbox 710 2247 865 2324; x_wconf 82' lang='lat' dir='ltr'>plerumque</span> <span class='ocrx_word' id='word_1_148' title='bbox 884 2243 912 2306; x_wconf 69' lang='grc' dir='ltr'>δ’</span> 
     </span>
    </p>
   </div>
   <div class='ocr_carea' id='block_1_5' title="bbox 232 2326 990 2488">
    <p class='ocr_par' dir='ltr' id='par_1_6' title="bbox 232 2326 990 2488">
     <span class='ocr_line' id='line_1_26' title="bbox 237 2326 990 2410; baseline -0.001 -26"><span class='ocrx_word' id='word_1_149' title='bbox 237 2327 389 2387; x_wconf 81' lang='lat' dir='ltr'>imbellibus</span> <span class='ocrx_word' id='word_1_150' title='bbox 402 2328 472 2402; x_wconf 88' lang='lat' dir='ltr'>eripi</span> <span class='ocrx_word' id='word_1_151' title='bbox 483 2330 594 2398; x_wconf 83' lang='lat' dir='ltr'>domos,</span> <span class='ocrx_word' id='word_1_152' title='bbox 606 2327 723 2410; x_wconf 77' lang='lat' dir='ltr'>abstrahi</span> <span class='ocrx_word' id='word_1_153' title='bbox 733 2326 852 2397; x_wconf 84' lang='lat' dir='ltr'>liberos,</span> <span class='ocrx_word' id='word_1_154' title='bbox 865 2326 911 2385; x_wconf 85' lang='lat' dir='ltr'>in·</span> <span class='ocrx_word' id='word_1_155' title='bbox 989 2371 990 2383; x_wconf 34' lang='lat' dir='ltr'>r</span> 
     </span>
     <span class='ocr_line' id='line_1_27' title="bbox 232 2407 989 2488; baseline 0 -23"><span class='ocrx_word' id='word_1_156' title='bbox 232 2407 315 2488; x_wconf 69' lang='lat' dir='ltr'>jungi</span> <span class='ocrx_word' id='word_1_157' title='bbox 331 2410 464 2479; x_wconf 76' lang='lat' dir='ltr'>delelius,</span> <span class='ocrx_word' id='word_1_158' title='bbox 490 2428 628 2486; x_wconf 81' lang='lat' dir='ltr'>tamquam</span> <span class='ocrx_word' id='word_1_159' title='bbox 645 2410 715 2468; x_wconf 84' lang='lat' dir='ltr'>mori</span> <span class='ocrx_word' id='word_1_160' title='bbox 736 2425 842 2467; x_wconf 86' lang='lat' dir='ltr'>tantum</span> <span class='ocrx_word' id='word_1_161' title='bbox 857 2429 910 2480; x_wconf 88' lang='lat' dir='ltr'>pro</span> <span class='ocrx_word' id='word_1_162' title='bbox 988 2439 989 2451; x_wconf 46' lang='lat' dir='ltr'>t</span> 
     </span>
    </p>
   </div>
   <div class='ocr_carea' id='block_1_6' title="bbox 232 2489 988 2567">
    <p class='ocr_par' dir='ltr' id='par_1_7' title="bbox 232 2489 988 2567">
     <span class='ocr_line' id='line_1_28' title="bbox 232 2489 988 2567; baseline 0.001 -20"><span class='ocrx_word' id='word_1_163' title='bbox 232 2492 329 2565; x_wconf 78' lang='lat' dir='ltr'>partio</span> <span class='ocrx_word' id='word_1_164' title='bbox 338 2489 519 2550; x_wconf 83' lang='lat' dir='ltr'>nescientibus</span> <span class='ocrx_word' id='word_1_165' title='bbox 531 2514 541 2548; x_wconf 90' lang='lat'>.·</span> <span class='ocrx_word' id='word_1_166' title='bbox 552 2507 681 2567; x_wconf 86' lang='lat' dir='ltr'>quantum</span> <span class='ocrx_word' id='word_1_167' title='bbox 692 2491 766 2550; x_wconf 86' lang='lat' dir='ltr'>enim</span> <span class='ocrx_word' id='word_1_168' title='bbox 778 2489 907 2548; x_wconf 76' lang='lat' dir='ltr'>transisse</span> <span class='ocrx_word' id='word_1_169' title='bbox 987 2505 988 2519; x_wconf 66' lang='lat'>¹</span> 
     </span>
    </p>
   </div>
   <div class='ocr_carea' id='block_1_7' title="bbox 210 2567 987 2642">
    <p class='ocr_par' dir='ltr' id='par_1_8' title="bbox 210 2567 987 2642">
     <span class='ocr_line' id='line_1_29' title="bbox 210 2567 987 2642; baseline -0.001 -14"><span class='ocrx_word' id='word_1_170' title='bbox 210 2614 213 2618; x_wconf 86' lang='lat'><em>-</em></span> <span class='ocrx_word' id='word_1_171' title='bbox 237 2572 377 2642; x_wconf 87' lang='lat' dir='ltr'>militum,</span> <span class='ocrx_word' id='word_1_172' title='bbox 400 2572 429 2630; x_wconf 87' lang='lat' dir='ltr'>si</span> <span class='ocrx_word' id='word_1_173' title='bbox 447 2593 506 2631; x_wconf 81' lang='lat' dir='ltr'>sese</span> <span class='ocrx_word' id='word_1_174' title='bbox 529 2571 664 2631; x_wconf 81' lang='lat' dir='ltr'>Britanni</span> <span class='ocrx_word' id='word_1_175' title='bbox 685 2573 847 2630; x_wconf 76' lang='lat' dir='ltr'>numerent?</span> <span class='ocrx_word' id='word_1_176' title='bbox 865 2571 907 2628; x_wconf 86' lang='lat' dir='ltr'>sic</span> <span class='ocrx_word' id='word_1_177' title='bbox 985 2567 987 2620; x_wconf 66' lang='lat'>,¹</span> 
     </span>
    </p>
   </div>
   <div class='ocr_carea' id='block_1_8' title="bbox 239 2649 906 2890">
    <p class='ocr_par' dir='ltr' id='par_1_9' title="bbox 239 2649 906 2890">
     <span class='ocr_line' id='line_1_30' title="bbox 240 2649 906 2732; baseline 0 -23"><span class='ocrx_word' id='word_1_178' title='bbox 240 2651 403 2712; x_wconf 77' lang='lat' dir='ltr'>Germanias</span> <span class='ocrx_word' id='word_1_179' title='bbox 411 2653 565 2712; x_wconf 68' lang='lat' dir='ltr'>excurisse</span> <span class='ocrx_word' id='word_1_180' title='bbox 568 2654 679 2732; x_wconf 65' lang='lat' dir='ltr'>jugum</span> <span class='ocrx_word' id='word_1_181' title='bbox 690 2649 717 2712; x_wconf 67' lang='lat' dir='ltr'>Er</span> <span class='ocrx_word' id='word_1_182' title='bbox 719 2650 845 2732; x_wconf 83' lang='lat' dir='ltr'>flumine,</span> <span class='ocrx_word' id='word_1_183' title='bbox 853 2669 906 2709; x_wconf 84' lang='lat' dir='ltr'>nan</span> 
     </span>
     <span class='ocr_line' id='line_1_31' title="bbox 239 2729 904 2814; baseline -0.006 -22"><span class='ocrx_word' id='word_1_184' title='bbox 239 2732 354 2796; x_wconf 81' lang='lat' dir='ltr'>Octauo</span> <span class='ocrx_word' id='word_1_185' title='bbox 374 2735 483 2814; x_wconf 78' lang='lat' dir='ltr'>defindi</span> <span class='ocrx_word' id='word_1_186' title='bbox 502 2757 513 2794; x_wconf 90' lang='grc'>.·</span> <span class='ocrx_word' id='word_1_187' title='bbox 535 2735 592 2797; x_wconf 84' lang='lat' dir='ltr'>sibi</span> <span class='ocrx_word' id='word_1_188' title='bbox 603 2729 745 2812; x_wconf 80' lang='lat' dir='ltr'>patriam,</span> <span class='ocrx_word' id='word_1_189' title='bbox 765 2733 904 2812; x_wconf 78' lang='lat' dir='ltr'>conjuges,</span> 
     </span>
     <span class='ocr_line' id='line_1_32' title="bbox 761 2831 904 2890; baseline -0.014 -16"><span class='ocrx_word' id='word_1_190' title='bbox 761 2831 904 2890; x_wconf 80' lang='lat' dir='ltr'>parentes:</span> 
     </span>
    </p>
   </div>
   <div class='ocr_carea' id='block_1_9' title="bbox 980 2739 984 2859">
    <p class='ocr_par' dir='ltr' id='par_1_10' title="bbox 980 2739 984 2859">
     <span class='ocr_line' id='line_1_33' title="bbox 980 2739 984 2859; baseline 0 0"><span class='ocrx_word' id='word_1_191' title='bbox 980 2739 984 2859; x_wconf 87' lang='lat' dir='ltr'>l</span> 
     </span>
    </p>
   </div>
   <div class='ocr_carea' id='block_1_10' title="bbox 0 0 1004 3684">
    <p class='ocr_par' dir='ltr' id='par_1_11' title="bbox 0 0 1004 3684">
     <span class='ocr_line' id='line_1_34' title="bbox 0 0 1004 3684; baseline 0 4"><span class='ocrx_word' id='word_1_192' title='bbox 0 0 1004 3684; x_wconf 95' lang='lat' dir='ltr'> </span> 
     </span>
    </p>
   </div>
  </div>
 </body>
</html>
