2000 3684
202 296 462 376 Aunmwn.
487 297 572 374 Lm.
597 300 683 370 ΧΠ.
739 305 786 392 69

104 419 217 492 tremi),
230 421 297 501 quia
310 418 522 480 multitudinem
533 415 659 480 hostium
670 419 788 496 Pollio,

106 507 184 585 jussa
217 503 303 584 patris
333 498 534 562 Rhadamistus
562 502 757 564 obtendebant
777 549 789 578 ,

107 588 207 667 paetus
228 582 357 643 inducias
374 583 520 655 abscedit,
541 602 573 643 ut
597 585 653 643 nisi
670 582 790 646 Pharas·

108 686 228 727 manem
242 665 318 724 bello
329 663 535 736 absterruisset‚
554 664 592 724 T.
604 665 790 728 Ummidium

107 747 294 826 Quadratum
315 746 461 828 praesidem
479 747 566 828 Syrie
583 745 714 821 doceret,
730 769 791 832 quo

109 831 142 897 in
162 827 237 894 statu
259 829 400 894 Armeniae
421 829 523 890 forent.

118 905 120 912 ’
151 908 263 971 XLVI.
283 910 421 993 Digressu
438 911 612 970 centurionis
627 910 705 969 velut
725 930 792 970 cus·

112 991 181 1060 tude
201 991 342 1062 exsolutus
367 989 532 1070 ptaefedtus,
551 987 659 1050 hortati
673 987 795 1050 Mithri-

113 1073 201 1136 daten
223 1069 261 1132 ad
281 1072 465 1134 sanciendum
484 1071 578 1142 fedus
595 1096 607 1143 3
629 1073 794 1154 conjunctio-

112 1179 175 1224 nem
179 1155 324 1234 fratrum,
349 1177 381 1214 ac
398 1156 518 1229 priorem
533 1173 611 1217 mate
620 1154 796 1216 Pharasma·

114 1259 178 1304 nem
189 1283 201 1307 ,
223 1231 250 1296 {a
275 1254 362 1296 cetera
379 1237 604 1296 necessitudinum
625 1238 737 1304 nonunt
753 1256 797 1298 te·

114 1317 229 1387 ferens,
242 1317 315 1394 qudd
325 1317 419 1396 filiam
434 1319 492 1397 ejus
510 1319 542 1376 in
560 1317 797 1381 matrinmniolm·

113 1399 189 1468 beret
194 1421 208 1472 ,·
217 1397 353 1476 quddipse
362 1395 714 1480 Rhadasm'stosocmsset.
727 1399 797 1462 Nom

112 1481 233 1550 abnuere
251 1502 346 1554 pacem
364 1478 478 1550 Iberos,
499 1502 658 1556 quemquam
675 1483 706 1540 in
725 1499 797 1542 tem·

110 1585 181 1638 pore
191 1561 359 1629 ualidiores:
373 1555 400 1626 ἃ
419 1562 491 1621 sacis
503 1563 639 1638 cognitam
645 1559 797 1620 Armenio·-

116 1666 180 1717 ηομ
198 1643 344 1722 petfidiam
366 1665 376 1700 .·
397 1664 445 1701 nec
466 1643 545 1700 aliud
562 1641 703 1712 subsidii,
718 1641 800 1719 quiem

116 1725 259 1806 castellum
285 1741 432 1786 commeatu
457 1744 566 1802 egentum
586 1747 597 1792 t
614 1745 650 1785 ne
664 1721 800 1792 dubitaret

117 1809 209 1867 arnris
231 1805 385 1867 incruentas
404 1806 571 1874 conditiones
589 1805 683 1865 malle.
703 1804 801 1868 cunc·

119 1905 200 1964 tante
217 1885 254 1948 ad
275 1906 308 1947 ea
328 1883 517 1960 Mithridate,
530 1894 559 1946 δι
575 1888 708 1965 suspectis
723 1909 801 1968 prat·

120 1969 192 2032 fecti
203 1969 347 2042 consiliis,
365 1967 443 2050 quiid
458 1969 587 2050 pellicem
602 1970 713 2051 regiam
730 1969 800 2050 pol·

120 2051 215 2113 luerat
235 2096 244 2124 ‚
267 2051 353 2133 inque
379 2071 496 2110 ornnem
518 2048 670 2110 libidinem
693 2053 802 2117 venalis

121 2131 300 2204 habebatur,
321 2131 473 2212 Casperius
492 2132 606 2196 interim
626 2129 663 2190 ad
681 2128 803 2198 Pharas-

122 2235 232 2281 manen
250 2213 376 2294 pervadit
387 2258 399 2282 ‚
417 2233 495 2290 utque
514 2212 587 2282 lieri
602 2212 709 2271 obsidio
726 2217 804 2284 deee-

121 2301 195 2370 dant
216 2291 379 2376 expostulat.
398 2293 448 2357 Ille
466 2293 612 2373 propalam
634 2294 755 2366 incerta,
774 2305 804 2358 et

123 2379 228 2460 saepius
246 2376 378 2448 molliora
396 2373 586 2455 respondens,
601 2377 712 2436 sectetis
729 2399 805 2439 nun·

125 2463 175 2536 tiis
194 2477 295 2530 monet
314 2454 557 2528 Rhadamistum,
581 2459 806 2541 oppugnationem

125 2563 232 2621 quoquo
240 2541 319 2600 modo
330 2541 454 2605 celerare.
466 2539 594 2622 Augetur
608 2540 710 2622 flagitii
724 2563 805 2609 mer-

126 2645 174 2702 ces
186 2669 198 2693 ,
221 2631 249 2682 δι
268 2619 363 2692 Pollio
378 2617 488 2682 occulti
499 2622 676 2700 corruptione
686 2623 808 2703 impellit

127 2706 257 2775 milites,
279 2722 310 2772 ut
327 2726 421 2778 pacem
442 2704 621 2786 flagitarent,
639 2725 718 2781 seque
728 2727 806 2780 pre-

123 2789 203 2852 sidio
225 2786 347 2852 abituros
368 2786 572 2849 minitarentur.
597 2784 664 2864 Qua
684 2789 808 2851 necessit
