2000 3684
256 321 325 401 360
379 311 414 380 C
444 311 587 382 Corn.
620 290 829 381 TAcrrr

251 431 400 491 virtutibus
429 433 577 511 princeps,
606 440 633 491 &
662 432 753 514 gloria
781 433 866 501 viri,
905 453 935 493 at

272 515 404 572 essimum
432 514 615 572 inimicorum
638 533 746 595 genus,
774 513 937 574 laudantes.

251 533 291 654 bt
312 615 345 652 ea
365 596 489 653 insecuta
511 613 574 654 sunt
599 594 757 673 reipublicae
777 613 934 675 tempora,

251 675 598 757 quae'sileriAgricolam
623 697 682 734 non
710 677 835 734 sinerent
862 700 871 732 ε
894 695 936 736 tot

249 757 385 815 exercitus
416 757 447 814 in
471 757 577 816 Moesia
608 755 776 836 Daciaque,
807 765 835 817 δι
865 755 936 820 Ger-

250 839 349 897 mania
377 838 581 917 Pannoniaque
592 831 611 906 ,¹
628 839 786 895 temeritate
812 855 864 896 aut
891 859 935 918 per

251 919 398 1001 ignaviam
412 917 515 976 dueum
533 917 629 976 amissi
648 940 655 974 z
671 936 714 976 tot
727 919 869 978 militares
885 921 935 979 tiri

250 1021 316 1062 ,cum
344 1017 388 1059 tot
413 997 577 1058 cohortibus
599 1001 801 1081 expugnati&
827 1001 932 1079 capti:

250 1101 303 1140 nec
317 1085 376 1158 jam
396 1078 432 1138 de
450 1081 541 1138 limite
561 1080 672 1159 imperii
689 1088 716 1139 &
734 1081 814 1160 ripa,
834 1081 885 1140 secl
899 1080 933 1140 de

250 1158 374 1220 bibernis
392 1161 539 1243 legionum
565 1170 593 1220 &
616 1161 790 1239 possessione
813 1160 932 1221 dubita-

249 1261 321 1302 tum.
340 1243 384 1302 lto
405 1261 494 1322 quum
517 1242 622 1304 damna
643 1240 755 1300 damnis
773 1244 932 1302 continua-

249 1341 362 1394 rentur,
391 1341 475 1402 atque
502 1323 595 1382 omnis
615 1343 711 1382 ,annus
737 1320 934 1384 funeribus&

249 1403 376 1464 cladibus
391 1405 590 1487 insigniretur,
606 1401 773 1483 poscebatur
786 1424 837 1461 ore
849 1405 934 1487 vulgi

249 1488 306 1546 dux
324 1486 458 1565 Agricola
475 1509 486 1542 :
504 1485 731 1565 comparantibus
752 1486 863 1544 conciis
883 1487 934 1546 oi·

247 1589 360 1647 gosem,
393 1568 570 1646 constantiam
583 1613 595 1636 ,
625 1562 651 1626 ἃ
680 1583 818 1640 expertum
846 1565 933 1628 bth's

249 1651 389 1718 animum,
410 1670 469 1706 cum
490 1648 592 1705 inertia
612 1642 639 1706 ἃ
648 1647 803 1723 fhrmidine
823 1668 933 1707 eonem.

249 1729 364 1805 Quibus
386 1729 561 1787 sermonibus
587 1729 653 1786 satit
685 1725 792 1786 constat
819 1727 935 1788 Domi-

249 1812 321 1869 tiani
340 1829 454 1890 quoque
475 1829 554 1868 aures
576 1808 753 1876 verberatas,
776 1807 843 1867 dum
869 1829 933 1890 op-

249 1892 336 1949 timus
360 1893 476 1970 quisque
498 1890 661 1948 libertorum
682 1908 778 1948 amore
799 1897 827 1948 &
848 1887 933 1962 lide,

248 1972 362 2051 pessimi
391 1972 569 2052 malignitate
600 1980 628 2029 &
655 1969 771 2039 livore,
804 1989 932 2048 pronum

229 2050 432 2111 'deterioribus
455 2053 609 2131 principem
630 2049 852 2110 exstimulabant
881 2053 933 2112 Sic

249 2132 385 2216 Agricola
403 2133 488 2191 simul
503 2134 557 2192 suis
573 2132 739 2200 virtutibus,
756 2132 840 2190 simul
848 2135 932 2193 viciis

249 2217 390 2286 aliorum,
410 2216 441 2272 in
462 2215 552 2294 ipsam
575 2213 697 2295 gloriam
720 2231 839 2293 praeceps
860 2234 933 2296 age·

249 2297 339 2356 batur.
576 2297 578 2302 '
911 2345 913 2352 Α

289 2377 384 2437 XLII.
404 2374 511 2436 Aderat
530 2380 589 2448 iam
612 2395 701 2435 annus
724 2395 782 2456 quo
804 2395 929 2454 procon-

251 2459 372 2519 sulatum
389 2458 463 2516 Asiae
485 2455 633 2516 &Africae
654 2458 810 2526 sortiretur,
829 2463 857 2514 δε
878 2477 928 2515 oc·

250 2542 309 2599 eiso
327 2537 429 2600 Civical
443 2557 545 2615 nuper,
557 2557 607 2597 nec
622 2537 763 2621 Agricolae
774 2537 926 2598 consilium

249 2621 361 2690 deerat,
389 2640 440 2677 nec
468 2619 639 2678 Domitiano
667 2617 835 2696 exemplum.
860 2620 928 2677 Ac·

250 2721 352 2760 cessere
368 2699 485 2780 quidam
507 2701 712 2781 cogitationum
731 2699 862 2778 principis
880 2717 928 2772 pe·

249 2782 312 2851 riti,
333 2783 383 2863 qui
399 2781 521 2841 ituntsoc
535 2800 606 2860 esset
620 2783 651 2839 in
660 2780 835 2858 provinciam
849 2780 927 2840 ultro

758 2861 930 2942 Agricolam
