2000 3684
212 367 259 434 70
336 341 373 411 C.
402 341 550 412 cortu.
582 341 764 411 YAcrrr

211 481 269 526 tate
294 460 476 522 Mithridates
506 461 582 522 diem
610 461 763 544 locumque
791 459 895 524 foederi

210 546 336 622 accepit,
359 543 563 643 castelloquexe
596 543 770 685 ledffiistus
786 626 893 687 inam-

210 625 384 790 pleirllvell's
394 627 681 779 liuidffiosimulare
691 707 868 787 obsequium
881 753 893 780 ,

209 811 331 851 socerum
341 811 373 850 ac
380 809 521 864 parentem
540 789 687 869 appellare.
707 787 819 868 Adjicit
836 794 897 884 jusss

210 871 388 952 jurandum,
415 872 579 950 tranferre,
603 893 658 930 non
678 891 807 940 veneno,
831 893 894 930 vim

210 955 364 1013 adlaturum
387 977 396 1011 :
420 953 505 1013 simul
530 951 560 1009 in
581 951 676 1011 lucum
698 952 893 1032 propinquum

209 1033 317 1105 trahit,
328 1034 716 1113 provisumillicsacnficium
729 1036 895 1107 imperatum
982 1102 983 1107 η

211 1115 362 1187 didiitans,
393 1134 424 1173 ut
449 1117 505 1176 diis
524 1114 631 1194 testibus
646 1137 707 1189 pax
716 1116 891 1193 firmaretur.
982 1114 983 1131 ¹

209 1197 281 1256 Mos
302 1195 341 1256 est
359 1196 493 1279 regibus,
517 1197 647 1275 quotiens
669 1197 699 1255 in
723 1198 892 1256 societatem
982 1246 983 1269 p

212 1297 334 1349 coeant,
365 1278 512 1357 implicare
544 1275 684 1346 dextras,
715 1278 893 1359 pollicesque
982 1290 983 1355 ξ

211 1362 283 1419 inter
305 1379 333 1418 se
356 1360 488 1432 vincire,
513 1357 647 1440 nodoque
670 1357 859 1443 prestringere
882 1381 891 1416 :
982 1372 983 1435 l

212 1461 281 1500 mox
296 1440 346 1500 ubi
362 1442 476 1524 sanguis
497 1441 528 1500 in
547 1459 622 1499 artus
636 1462 663 1501 se
679 1459 819 1500 extremos
833 1440 893 1500 suf·
982 1438 983 1495 3

212 1521 335 1594 fuderit,
355 1523 410 1582 levi
428 1525 486 1581 iun
506 1543 632 1580 eruorem
650 1523 785 1592 eliciunt,
805 1540 893 1604 atque
982 1556 983 1563 .

211 1606 335 1665 invicem
347 1604 477 1664 lambunt
497 1626 505 1660 ε
527 1601 557 1662 id
568 1601 661 1663 foedus
679 1623 813 1662 arcanum
832 1601 891 1663 ha-

212 1686 311 1758 betur,
332 1688 414 1767 quasi
432 1705 533 1744 mutuo
555 1705 651 1744 cruore
673 1705 821 1745 sacratum.
834 1684 907 1747 Sed-

212 1785 303 1838 tunc,
325 1769 375 1848 qui
394 1787 427 1826 ea
447 1767 560 1827 vincula
578 1766 752 1826 admovebat
771 1812 781 1837 ,
808 1766 892 1826 deci-

212 1847 285 1908 disse
295 1849 430 1907 simulans
443 1894 451 1918 ,
471 1869 563 1930 genua
571 1847 748 1908 Mithridatis
760 1848 892 1923 invadit,

211 1931 362 2010 ipsumque
390 1927 564 2008 prosternit:
588 1931 728 2012 simulque
755 1950 893 1992 concursu

213 2011 336 2092 plurium
357 2012 520 2090 mjicruntur
539 2029 693 2072 catenatae
714 2013 865 2091 compedes
877 2061 891 2084 ,
982 2066 983 2071 ,

211 2093 316 2174 (quod
344 2091 514 2152 dedecorum
540 2092 687 2168 barbaris)
718 2091 891 2158 trahebatur.

212 2175 342 2258 Moxque
364 2175 464 2258 vulgus
496 2176 567 2236 duro
593 2177 714 2255 imperio
737 2172 890 2248 habitum,

212 2258 316 2338 probra
344 2277 377 2317 ac
409 2257 526 2318 verbera
552 2257 720 2317 intentabat.
747 2257 787 2316 Et
812 2278 894 2318 erant

213 2339 330 2412 contri,
350 2339 400 2420 qui
418 2359 528 2399 tantam
548 2335 668 2398 fortunae
687 2341 895 2399 commutatio-

212 2441 279 2480 nem
303 2422 504 2480 miserarentur.
531 2420 687 2501 Secutaquc
709 2441 774 2479 cum
798 2425 893 2502 parvis

213 2501 308 2562 liberis
319 2506 460 2572 coniunx,
476 2503 577 2562 cuneta
592 2502 796 2562 lamentatione
812 2525 892 2564 com-

214 2584 317 2665 plebat.
339 2584 465 2644 Diversis
487 2593 514 2644 &
531 2586 666 2643 contestis
682 2581 818 2645 vehiculis
831 2586 890 2646 ab·

131 2721 141 2732 ,
212 2664 335 2737 dunuu,
354 2665 422 2725 dum
442 2663 640 2725 Pharasmanis
659 2670 733 2743 jussa
755 2669 892 2749 exquire-

212 2765 316 2808 rentur.
335 2747 381 2806 Illi
398 2747 500 2827 cupido
519 2749 599 2830 regni
616 2746 699 2805 fratre
717 2757 744 2808 ὅ(
762 2747 822 2808 filia
838 2770 889 2828 po-

212 2830 289 2903 tior,
305 2831 472 2912 animusque
490 2829 638 2892 sceleribus
657 2849 768 2913 purams
788 2854 795 2890 z
814 2833 891 2894 'visu
