2000 3684
259 363 805 452 GERMANIAE3Q

131 486 177 546 vis
202 483 316 544 audacis
338 483 458 543 lasciviae
480 483 600 562 pretium
617 480 657 542 est
676 483 810 564 voluptas

134 565 332 647 spectantium.
356 563 460 624 Aiearn
482 563 591 644 (quod
609 567 737 640 mirere)
761 587 811 624 so-

133 648 190 707 brii
213 649 285 708 inter
310 647 381 706 seria
408 663 559 715 exercent,
578 643 655 705 tanti
682 645 809 706 lucrandi

133 728 304 811 perdendive
325 728 505 798 temeritate,
528 745 575 796 ut,
598 747 687 819 quum
710 729 811 790 omnia

132 809 313 880 defecerunt,
339 824 463 868 extremo
490 829 524 867 ac
551 809 708 868 novissimo
734 811 811 886 jaciu

132 891 169 952 de
201 891 328 951 libertate
355 898 383 950 δι
415 887 452 949 de
482 909 598 969 corpore
628 889 811 952 contendant.

133 973 238 1034 Vidius
247 973 437 1032 voluntariam
446 972 607 1030 servitutem
620 969 681 1029 adit
694 992 701 1026 t
713 990 813 1052 quam·

133 1056 179 1116 vis
196 1055 308 1133 junior,
323 1054 454 1134 quamvis
471 1049 629 1122 robustior,
645 1049 765 1134 adligari
782 1069 811 1110 se

132 1157 171 1196 ac
187 1137 280 1196 venite
296 1137 401 1214 patitur
419 1157 427 1190 t
446 1153 479 1193 ea
501 1132 540 1192 est
557 1135 587 1194 in
601 1153 630 1192 re
650 1153 734 1212 prava
752 1151 812 1213 per·

134 1218 244 1278 vicacia
264 1239 271 1273 t
291 1217 346 1296 ipsi
362 1213 448 1274 fidem
467 1233 581 1275 vocant.
598 1213 698 1274 Servos
716 1213 813 1273 condi·

134 1300 223 1359 tionis
239 1294 321 1376 hujus
340 1316 388 1376 per
404 1295 574 1356 commercia
592 1293 719 1368 tradunt,
736 1313 767 1355 ut
782 1311 814 1358 se

135 1399 251 1463 quoque
263 1377 368 1458 pudore
375 1379 499 1438 vidiotiae
510 1377 663 1438 exsolvant.

128 1528 133 1535 ,
177 1460 276 1522 XXV.
299 1459 409 1520 Ceteris
426 1460 533 1530 servis,
557 1480 614 1518 non
634 1460 664 1517 in
686 1454 813 1518 nostrum

137 1562 249 1602 morem
267 1540 408 1620 descriptis
424 1560 473 1620 pet
492 1537 633 1598 familiam
655 1535 815 1598 ministeriis

137 1642 260 1684 utuntur.
286 1622 374 1682 Suam
395 1623 514 1704 quisque
538 1619 650 1692 sedem,
673 1639 737 1678 snos
757 1638 812 1698 pe-

136 1725 216 1782 nates
238 1705 320 1787 regit.
343 1703 489 1763 meenti
514 1701 632 1761 modum
658 1699 814 1770 dominus,

138 1805 187 1846 aut
210 1785 336 1867 pecoris,
358 1803 407 1844 ant
424 1781 527 1854 vestit,
546 1801 578 1842 ut
597 1783 700 1842 colono
719 1782 816 1861 injun-

138 1869 182 1951 git
200 1890 207 1925 ε
226 1876 254 1928 &
273 1887 366 1927 tereus
383 1864 518 1926 haetenus
535 1881 622 1944 paret.
644 1861 748 1924 Cetera
764 1861 817 1922 do·

138 1947 202 2008 tntis
225 1948 341 2018 officia,
364 1967 436 2008 uror
460 1967 493 2006 ac
515 1945 597 2006 liberi
618 1963 815 2026 exsequuntur.

135 2029 294 2090 ‘Verberare
319 2049 449 2098 servum,
473 2049 507 2088 ac
533 2027 653 2087 vinculis
674 2035 702 2086 &
729 2043 815 2106 opere
837 2073 846 2112 t

104 2149 109 2158 .
136 2131 285 2182 coercere,
313 2131 414 2170 carum.
446 2107 584 2168 Occidere
611 2107 724 2178 solent,
754 2115 839 2167 oon'

138 2191 289 2272 disciplind
308 2199 335 2251 δε
353 2193 514 2261 severitate,
528 2188 577 2249 sed
595 2191 634 2246 im
716 2195 744 2247 δι
756 2189 829 2260 ica,'

97 2292 102 2301 ’
134 2293 173 2335 ὐτ
190 2276 358 2346 inimicum,
374 2273 428 2332 nisi
443 2269 523 2352 quod
535 2207 817 2350 impunffiibertini

134 2374 201 2426 v,non
222 2355 342 2415 multum
367 2373 448 2433 supra
468 2371 561 2411 servos
582 2371 660 2422 sunt,
680 2347 744 2409 rard
765 2349 826 2410 ali·

140 2436 220 2519 qnod
240 2454 417 2496 momentum
437 2436 466 2493 in
481 2433 570 2492 domo
584 2478 591 2503 ,
606 2449 762 2514 numquam
783 2433 815 2492 iu

141 2520 277 2589 civitate3
301 2518 423 2597 exceptis
445 2515 594 2577 dumtaxat
609 2516 643 2574 iic
662 2514 815 2598 gentibus,

142 2621 205 2682 quat
214 2617 372 2684 regnantur.
387 2598 432 2658 Ibi
445 2598 521 2657 enim
538 2605 565 2656 δε
580 2615 660 2676 super
675 2596 817 2672 ingenuos

143 2689 171 2742 δι
193 2702 274 2761 super
295 2680 404 2741 nobiles
425 2677 623 2739 adscendente
645 2674 719 2758 apud
740 2694 816 2734 cete-

137 2782 188 2822 ros
211 2764 330 2843 impares
353 2762 477 2824 libereni
498 2759 635 2822 inuectis
663 2777 816 2846 ΨΜ·

141 2861 203 2906 mm
220 2862 294 2906 sunt.
