2000 3684
152 323 642 397 Autronianam.
693 342 755 416 105

80 444 231 517 Atimeto,
254 445 411 513 Domitiae,
437 444 561 506 Neronis
584 445 700 514 amitat,
724 445 762 504 li·

84 527 180 600 berto,
194 527 331 607 aperiunt.
349 525 409 602 Qui
422 524 500 585 lartut
513 525 641 597 oblatis(
658 526 763 606 quippe

84 611 156 668 inter
184 609 374 690 Agrippinam
404 613 431 665 dt
457 607 620 666 Domitiam
651 604 763 668 infensa

83 690 230 748 aemulatio
258 686 458 760 exercebatur)
486 686 617 748 Paridem
651 683 769 746 histrio-

84 791 174 840 nem,
197 770 329 827 libettum
355 768 496 846 &ipsum
520 767 678 838 Domitiae,
700 770 762 827 im·

85 851 178 931 pulit,
196 851 238 908 ire
253 846 387 924 properi,
407 850 557 927 crinitaque
575 849 705 908 atrociter
722 851 766 910 dc·

77 933 163 1010 fem.

126 1010 195 1071 XX.
212 1010 349 1070 Provecta
370 1031 428 1070 nox
450 1025 509 1070 erat
525 1019 575 1082 ,δι
591 1007 700 1070 Neroni
717 1029 766 1091 pet

86 1093 275 1152 vinolentiam
301 1088 477 1162 trahebatut3
500 1113 589 1173 quum
610 1091 766 1186 ingreditur

87 1174 187 1244 Paris,
209 1173 307 1232 solitus
332 1173 460 1253 alioquin
479 1172 510 1230 id
529 1193 663 1252 temporit
687 1173 766 1234 lusus

88 1254 223 1335 principis
246 1253 397 1312 intendere.
421 1253 477 1312 Sed
500 1272 568 1314 tunc
591 1257 765 1334 compositor

87 1336 125 1394 ad
138 1332 303 1394 maestitiam
314 1379 324 1405 ,
337 1335 520 1416 expositoque
534 1333 632 1396 indicii
644 1335 765 1408 ordine,

88 1419 128 1476 ita
152 1415 316 1476 audientem
338 1434 475 1484 exterret,
507 1434 537 1474 ut
566 1437 625 1476 non
653 1435 766 1476 tantum

89 1518 211 1558 matrem
231 1496 418 1575 Plautumque
438 1494 591 1556 interficere
603 1543 615 1566 ,
637 1497 684 1555 sed
700 1497 768 1555 Bur·

90 1600 153 1638 rum
174 1579 261 1636 etiam
289 1576 438 1636 demovere
460 1575 621 1656 praefeiiuri
646 1575 768 1638 destina-

89 1679 149 1730 ret,
177 1677 325 1738 tamquam
353 1657 515 1740 Agrippinae
538 1656 629 1798 ῗαῑίἓ
651 1677 769 1738 provet-

90 1759 175 1808 tum,
196 1749 224 1799 δι
244 1741 337 1798 vicem
356 1737 527 1798 reddentem.
569 1739 649 1798 abius
667 1736 767 1800 Rusti·

91 1843 138 1882 cus
160 1824 258 1880 auditor
280 1818 340 1890 est,
360 1822 476 1894 scriptos
495 1841 554 1886 esst
575 1821 613 1880 ad
638 1821 771 1882 Catinam

99 1903 219 1962 Tuscum
230 1902 390 1972 codicillos,
409 1903 538 1960 mandati
547 1902 574 1960 ei
583 1904 772 1976 praetoriarum

91 1985 244 2043 cohortium
255 1985 320 2041 curti
334 1985 405 2040 :sed
415 2003 463 2056 ope
472 1979 578 2041 Seneca
585 1983 772 2060 dignationem

91 2065 186 2125 Burro
205 2081 344 2122 retentam.
363 2062 514 2122 Plinius&
537 2061 677 2134 Cluvius,
697 2059 772 2122 nihil

91 2145 255 2205 dubitatum
274 2144 309 2202 de
329 2140 383 2202 fide
401 2141 523 2224 praefedii
546 2141 676 2202 referunt.
697 2143 772 2204 Sani

92 2224 200 2286 Fabius
220 2226 340 2284 inclinat
359 2223 397 2283 ad
419 2223 517 2284 laudes
543 2223 673 2292 Seneca,
695 2228 773 2302 eujus

92 2306 223 2368 amicitiai
242 2308 344 2365 floruit.
363 2305 426 2364 Nos
444 2325 609 2364 consensum
628 2305 775 2364 antrorum

94 2390 205 2459 secuti,
229 2407 290 2468 quat
310 2386 416 2445 diversa
435 2385 629 2466 prodiderint,
650 2386 701 2444 tub
719 2407 777 2446 no-

94 2470 224 2530 minibus
240 2471 364 2548 ipsotum
378 2466 529 2526 trademus.
544 2465 622 2526 Nero
633 2465 774 2546 trepidus,

95 2561 125 2612 &
148 2546 348 2609 interficiendae
366 2549 463 2607 matris
483 2546 603 2616 avidus,
624 2568 683 2606 non
702 2546 777 2627 priris

98 2628 206 2691 differri
231 2631 343 2709 potuit,
365 2626 451 2710 quim
474 2627 573 2688 Burrus
596 2647 693 2686 netem
718 2633 778 2706 ejus
800 2625 804 2639 ⁸

98 2713 309 2792 promitteret,
334 2711 358 2768 si
388 2709 522 2768 facinoris
553 2727 778 2791 coargueretur:

97 2797 149 2855 scd
169 2795 347 2868 cuicumqun
367 2792 465 2854 mata
480 2791 619 2930 parentifi
643 2790 781 2868 defensio·

637 2891 655 2931 u
