2000 3684
160 305 418 376 Annrrwn
441 305 525 376 Ire.
549 309 653 380 xm.
718 333 761 404 95

63 427 127 488 'ita
145 427 333 496 dividuntur,
353 445 384 486 ut
403 448 465 507 pars
483 429 679 500 auxiliarium,
700 451 765 492 cum

83 509 196 569 duabus
215 509 395 591 legionibus,
417 507 492 588 apud
516 512 690 588 provinciam
714 513 767 594 Sy-

83 593 177 662 riam,
196 592 367 673 &legatum
383 595 441 669 ejus
457 589 635 667 Quadratum
653 593 769 654 Ummi-

84 671 167 731 dium
185 691 344 730 remaneret
350 694 361 740 3
379 693 429 750 par
444 673 551 732 civium
569 675 767 756 sociorumque

84 775 220 813 numerus
246 752 409 813 Corbuloni
428 773 515 824 esset,
540 753 643 814 additis
668 754 768 816 cohor·

84 836 162 895 tibus
189 835 321 916 alisque,
355 856 416 914 quae
444 835 519 915 apud
549 835 767 915 Cappadociam

85 913 257 976 hiemabant
277 939 285 972 ε
306 917 376 976 socii
396 937 494 999 reges,
511 937 593 996 prout
606 917 682 976 bello
702 940 769 979 con·

85 997 218 1068 duceret,
239 1017 331 1077 parere
345 1000 421 1075 jussi.
443 997 498 1057 Sed
516 995 605 1058 studia
623 1019 720 1058 eorum
738 1002 768 1061 in

86 1079 289 1140 Corbulonem
305 1081 479 1159 promptiora
495 1100 574 1140 erunt
588 1103 595 1136 :
609 1082 658 1160 qui
670 1099 700 1141 ut
716 1080 765 1140 fa-

86 1181 142 1220 mae
162 1163 328 1232 inserviret,
350 1182 413 1240 qua
430 1163 460 1220 in
479 1162 561 1220 novis
581 1164 677 1241 coeptis
694 1165 768 1223 vali·

87 1242 206 1302 dissima
235 1240 300 1313 est,
331 1243 428 1301 itinere
464 1263 514 1322 pro
533 1243 578 1300 erl
614 1241 768 1318 confesto,

86 1323 166 1403 apud
183 1322 315 1406 AEgeas,
337 1324 480 1383 civitatem
499 1263 610 1385 Cpiliciae
620 1369 629 1396 ,
649 1325 769 1388 obvium

85 1403 271 1482 Quadratum
288 1402 405 1475 babuit,
422 1406 489 1463 illut
507 1426 699 1499 progressum,
712 1429 767 1480 ne,

86 1489 112 1547 si
130 1487 168 1546 ad
188 1485 365 1566 accipiendas
388 1488 482 1565 copias
506 1487 617 1568 Syrium
637 1489 768 1547 intravis-

87 1588 131 1628 set
149 1568 302 1638 Corbulo,
322 1569 451 1628 omnium
472 1589 521 1626 ora
539 1570 570 1626 in
585 1589 613 1626 se
632 1587 768 1640 verteret,

89 1671 209 1730 corpore
244 1651 369 1743 ingens,
397 1648 489 1709 verbis
517 1646 708 1729 magnificus,
740 1657 768 1710 dt

89 1753 172 1811 super
194 1732 394 1810 experientiam
416 1731 657 1810 sapientiamque,
680 1732 766 1790 etiam

85 1815 185 1894 specie
202 1832 330 1871 mantum
350 1811 466 1871 validus.

132 1894 187 1954 lX.
206 1892 341 1955 Cetenim
357 1913 470 1974 uterque
487 1891 653 1976 Vologesen
670 1913 766 1954 recem

89 1978 200 2036 nuntiis
228 1975 400 2045 monebant,
432 1995 526 2048 pacem
555 1973 635 2051 qudm
669 1945 768 2035 bellum

86 2059 209 2127 mallet,
228 2056 351 2134 datisque
364 2055 524 2126 obsidibus,
540 2056 654 2114 solitam
662 2059 768 2130 priori·

90 2139 143 2198 bus
159 2139 338 2199 reverentiam
352 2139 382 2195 in
393 2138 522 2212 populum
533 2135 691 2210 ,Romanum
707 2160 769 2197 cort-

86 2223 224 2280 tinuaret.
249 2219 287 2278 Et
310 2219 493 2302 Vologeses,
519 2213 578 2298 qub
601 2216 705 2275 bellum
735 2241 769 2278 ex

86 2301 253 2361 commodo
271 2320 390 2380 pararet,
411 2322 448 2358 an
464 2318 495 2357 ut
513 2297 699 2356 aemulationis
711 2319 770 2358 sus·

85 2387 192 2465 pedlos
222 2403 270 2463 per
298 2403 403 2441 nomen
433 2379 566 2440 obsidum
596 2397 768 2452 mnoveret,

90 2465 182 2524 tradit
190 2465 380 2523 nobilissimos
390 2483 423 2521 ex
437 2461 547 2520 familia
561 2461 767 2524 Arsacidarum.

89 2547 268 2626 Accepitque
286 2566 334 2604 eos
347 2545 472 2604 centurio
488 2539 622 2612 Insteius,
638 2543 674 2600 ab
690 2545 768 2604 Um·

90 2627 188 2687 midio
200 2629 299 2685 missus
311 2624 385 2686 fortb
401 2627 492 2706 prior,
505 2643 537 2682 ea
548 2623 582 2682 de
594 2645 675 2683 causa
689 2624 768 2686 adito

90 2728 170 2792 rege.
195 2707 286 2784 Quod
304 2705 452 2788 postquam
476 2705 636 2766 Corbuloni
667 2709 768 2788 cogni·

91 2811 156 2870 tum
185 2787 225 2850 est
236 2834 247 2862 ,
274 2791 314 2850 ire
334 2787 496 2870 praefellutn
516 2784 640 2850 cohortis
656 2787 770 2849 Atrium
