2000 3684
185 346 235 430 64
317 341 353 410 C.
384 341 523 412 Corn.
555 322 746 412 Tncrrr

185 463 316 524 adversus
328 480 388 522 nos
406 459 518 523 hostilia
537 463 674 524 induerat.
693 463 750 524 Sed
773 460 869 542 primis

185 563 297 604 tantum
317 546 388 604 inter
407 547 481 626 ipsos
499 545 677 616 certabatur,
701 545 869 627 callidisque

187 626 406 688 Cartismandua
427 627 553 697 artibus,
574 623 690 694 fratrem
702 649 735 686 ac
750 630 870 707 propin·

186 729 259 790 quos
277 708 398 768 Venusii
409 709 561 788 intercepit.
583 708 653 768 Inde
671 709 781 768 accensi
794 705 869 768 hos·
888 722 892 729 “

185 807 247 862 tes,
267 787 426 851 stimulante
442 790 623 872 ignominia,
636 789 796 850 nefeminae
810 791 870 849 im·

186 875 266 954 perio
287 873 493 934 subderentur:
517 870 612 930 valida
636 879 663 931 &
685 872 758 931 ledia
783 873 872 931 armis

185 958 316 1034 juventus
328 973 446 1038 regnum
464 957 521 1032 ejus
538 952 676 1012 invadunt
694 974 701 1009 ε
720 951 799 1034 quod
818 973 871 1012 no-

189 1036 232 1096 bis
254 1041 420 1119 praevisum,
446 1043 473 1095 &
497 1037 586 1094 missar
608 1035 715 1094 auxilio
738 1031 871 1095 cohortes

186 1137 251 1178 acre
273 1121 403 1200 pru-,lium
426 1115 535 1188 fecere,
564 1119 640 1194 cujus
666 1117 750 1175 initio
774 1116 873 1174 ambi-

188 1219 247 1282 guo
275 1245 284 1271 ,
321 1199 384 1258 finis
421 1197 511 1256 iaetior
542 1196 605 1256 firit.
635 1196 738 1278 Neque
766 1197 872 1276 dispari

188 1299 292 1340 eventu
319 1297 475 1364 pugnarum
502 1301 519 1338 a
544 1279 686 1362 legione,
703 1279 749 1337 cui
768 1277 873 1339 Cesius

189 1361 298 1422 Nasica
326 1379 447 1442 praeerat.
478 1359 558 1419 Nam
594 1358 699 1418 Didius
730 1363 875 1420 senestute

190 1445 303 1526 gravis,
316 1452 342 1504 δι
355 1441 443 1502 multi
461 1439 545 1522 copia
562 1438 726 1513 honorum,
749 1461 798 1520 per
814 1442 874 1500 mi-

191 1523 291 1586 nistros
314 1547 419 1608 agere,
438 1533 465 1584 &
490 1543 582 1581 arcere
604 1519 714 1580 hostem
735 1525 801 1582 satis
821 1520 877 1582 ha-

190 1607 285 1670 bebat.
306 1608 394 1680 Haec,
414 1625 590 1688 quamquam
612 1603 776 1675 aduobus,
788 1601 878 1664 0sto⁴

191 1689 235 1750 rio
269 1690 415 1771 Didioque
450 1685 665 1768 propraetoribus
696 1687 788 1764 piures
826 1704 877 1766 per

191 1793 283 1831 annos
313 1766 411 1855 gesta,
438 1770 591 1847 conjunxi,
617 1787 652 1827 ne
679 1765 769 1827 divisa
797 1764 878 1828 haud

192 1853 307 1934 perinde
331 1851 368 1911 ad
396 1852 565 1908 memoriam
594 1851 638 1909 sui
663 1849 800 1910 valerent.
827 1849 878 1910 Ad

192 1953 251 1994 tem
272 1953 354 1993 orum
376 1931 506 1990 ordinem
526 1930 621 1990 redeo.
655 1955 658 1960 ·

265 2016 312 2076 LI.
323 2015 371 2073 Ti.
381 2011 508 2074 Claudio
515 2014 659 2093 quintum,
666 2013 725 2073 Ser.
733 2012 876 2074 Cornelio

195 2095 292 2157 Orfito
312 2116 381 2156 coss.
402 2095 489 2154 virilis
505 2113 574 2176 toga
592 2094 703 2153 Neroni
713 2113 877 2166 maturata,

195 2177 255 2260 qud
280 2176 453 2260 capessenda
473 2177 581 2255 reipub.
601 2171 706 2236 habilis
719 2177 875 2236 ¹videretur.

196 2261 236 2324 Et
257 2261 353 2324 Caesar
365 2258 575 2320 adulationibus
585 2256 696 2318 senariis
711 2259 803 2317 iibens
818 2258 879 2318 ces

196 2344 257 2414 sit,
289 2361 319 2402 ut
341 2342 474 2404 vicesimo
496 2340 587 2400 aetatis
613 2361 686 2399 anno
705 2341 879 2400 consulatum

196 2424 274 2486 Nero
287 2425 371 2484 iniret
386 2447 396 2482 .·
412 2440 489 2500 atque
500 2422 612 2481 interim
625 2420 784 2502 designatus
792 2469 803 2493 ‚
809 2441 880 2496 pro-

198 2507 338 2566 consulare
347 2505 494 2582 ,imperium
508 2523 587 2564 extra
597 2504 687 2562 urbem
697 2503 827 2574 haberer,
846 2525 883 2563 ac

198 2590 325 2670 princeps
351 2587 713 2671 juventupis'appellnretur.
737 2584 881 2644 Additum

190 2672 316 2730 'nomine
347 2675 404 2750 ejus
428 2668 595 2733 donativum
618 2668 705 2726 militi
723 2713 732 2738 ,
753 2668 881 2749 congia-

199 2753 273 2812 rium
292 2751 375 2831 piebi.
398 2750 436 2812 Et
455 2749 781 2821 ludicroCircensium,
800 2746 883 2830 quod

199 2833 377 2918 adquirendis
397 2834 486 2917 vulgi
496 2829 607 2918 studiis!
623 2831 783 2903 edebatur,
815 2829 885 2891 Bri-
