2000 3684
216 291 764 380 Ganuauzuzm

89 413 245 475 infantium
265 438 273 472 ε
297 410 329 472 hi
351 414 451 494 cuique
474 413 643 473 sanstissimi
666 409 771 486 telles,

94 493 128 555 hi
158 497 278 555 maximi
307 495 475 554 laudatores.
506 495 552 554 Ad
581 513 702 566 matres,
734 494 772 556 ad

91 582 229 660 conjuges
247 575 363 636 vulnera
382 573 475 635 ferunt
493 599 501 632 a
521 595 572 634 nec
590 575 643 634 illae
665 596 770 636 nume·

89 677 177 729 mre,
197 677 245 716 aut
271 659 381 738 exigere
406 655 504 738 plagas
525 673 636 736 pavent.
658 655 770 718 cibos-

91 747 188 822 que&
201 735 362 797 hortamina
373 738 562 820 pugnantibus
573 736 690 820 gestant.

136 819 246 879 VIII.
275 819 426 878 Memoriae
458 817 603 899 proditur,
635 817 773 900 quasdam

94 903 188 972 acies,
200 901 348 961 inclinatas
356 906 416 980 jam
433 909 461 961 &
474 900 619 971 labantes,
629 923 647 960 a
659 897 774 962 feminis

90 981 254 1052 restitutas,
277 979 434 1041 constantii
454 1002 592 1061 precum,
614 989 641 1042 δι
660 981 775 1061 objediu

92 1067 264 1144 pedorum,
289 1072 317 1126 δι
346 1060 499 1124 monstrati
523 1065 653 1124 cominus
683 1067 775 1144 capti-

92 1147 203 1216 vitate,
223 1165 310 1226 quam
328 1144 415 1228 longe
432 1143 623 1224 impatientius
644 1143 771 1206 femina*

92 1247 158 1284 rum
174 1247 286 1286 suarum
302 1227 419 1286 nomine
437 1227 561 1286 timent:
577 1225 649 1286 adeo
663 1244 694 1285 ut
707 1227 772 1288 effi·

92 1305 189 1367 cacids
205 1307 365 1390 obligentur
381 1309 472 1368 animi
488 1309 650 1380 civitatum,
671 1309 774 1390 quibus

36 1407 39 1415 ’
78 1390 168 1448 'inter
186 1388 298 1448 obsides
318 1389 414 1468 puella
438 1410 552 1471 quoque
575 1389 685 1450 nobiles
710 1390 773 1450 im·

92 1489 234 1552 petantur.
262 1469 354 1530 Inesse
380 1472 537 1550 quinetiam
559 1474 688 1530 sancium
714 1472 773 1530 ali-

93 1550 188 1633 quid,
206 1550 405 1631 &providum
427 1571 543 1631 putant,
565 1571 616 1610 nec
640 1571 688 1612 aut
708 1572 776 1616 con·

93 1635 161 1694 silia
190 1653 286 1692 earum
320 1631 543 1712 adspernantur,
571 1651 619 1692 aut
644 1653 776 1713 cesponsa

92 1715 173 1798 negli
233 1732 253 1774 t.
272 1713 408 1775 Vidimus
432 1716 482 1774 sub
506 1714 573 1774 divo
595 1715 773 1794 Vespasiano

90 1735 258 1869 Veleffi,
282 1794 332 1856 diu
364 1795 438 1875 apud
457 1795 617 1878 'plerosque
648 1798 774 1859 numinis

94 1879 164 1938 loco
182 1875 321 1937 habitam.
344 1877 400 1938 Sed
420 1887 448 1938 &
463 1879 535 1938 olim
550 1877 723 1949 Auriniam,
746 1887 775 1940 u

95 1959 249 2038 compluris
271 1960 341 2019 alias
360 1962 486 2021 venerati
509 1979 596 2029 sunt,
619 1981 679 2020 non
703 1959 774 2022 adu-

95 2040 224 2111 latione,
235 2061 286 2100 nec
299 2060 447 2122 tamquam
460 2039 584 2102 facerent
597 2040 670 2102 deas.

137 2121 193 2180 IX.
217 2123 345 2181 Deorum
369 2124 494 2182 maxime
520 2123 695 2182 Mercutium
719 2144 773 2182 co-

92 2205 183 2273 lunt,
208 2204 253 2260 cui
277 2205 357 2262 certis
384 2203 481 2262 diebus
506 2200 636 2263 humanis
662 2225 776 2285 quoque

97 2281 200 2344 hostiis
212 2284 290 2342 litate
301 2282 343 2342 fas
356 2279 469 2342 habent.
479 2283 631 2344 Herculem
648 2307 681 2344 ac
694 2286 777 2346 Mat·

98 2386 161 2426 cem
189 2366 326 2424 concessis
349 2365 519 2426 animalibus
544 2367 657 2447 placant
682 2390 689 2425 ι
714 2389 777 2448 pars

99 2449 258 2508 Suevorum
282 2455 310 2506 &
331 2445 401 2507 isidi
422 2446 568 2509 sacrificat.
587 2448 673 2510 Unde
692 2471 777 2511 causa

100 2538 130 2590 &
161 2531 243 2612 origo
274 2549 336 2610 pere
358 2530 421 2588 rino
445 2551 545 2602 sacto,
568 2551 666 2610 pamm
694 2551 776 2592 com-

102 2612 179 2690 peti:
194 2612 248 2671 nisi
266 2632 306 2691 qu
360 2612 474 2694 signum
487 2614 599 2692 ipsum,
613 2615 644 2672 in
657 2612 777 2672 modum

102 2693 217 2753 libumae
239 2690 258 2750 fi
311 2710 413 2765 atum,
435 2692 518 2753 docet
537 2692 684 2754 adveuam
706 2695 774 2754 reli·

100 2776 230 2856 gionem.
254 2712 389 2838 {iiam
406 2795 458 2837 nec
477 2771 609 2836 cohibere
626 2776 777 2855 pacietibus

579 2855 669 2936 Nij,
