2000 3684
230 337 298 416 164
357 330 564 398 (ἴσου.
596 323 791 396 TAcr‘Ti

225 447 359 508 fidendo.
379 447 524 528 Auxitque
544 465 656 526 patrum
675 441 843 518 honorem,
861 437 914 507 sti·

226 529 354 600 tuendo,
380 548 432 599 ut,
457 529 506 606 qui
528 551 546 586 a
564 527 690 602 privaris
707 527 857 607 judicibus
878 531 915 588 ai

227 630 356 671 sewum
372 610 627 685 prouocauisserrt,
649 609 769 688 ejusdem
790 612 912 683 pecunia

221 692 376 767 periculum
392 691 537 769 facerent,
559 690 636 769 cujus
660 691 684 748 ii
692 729 704 759 ,
726 687 775 766 'qui
798 691 913 764 impera·

229 790 315 832 torem
331 771 500 846 appellavere
521 794 532 828 :
552 790 620 828 narn
632 788 717 829 anteo
727 791 856 830 vacuum
869 770 914 842 id,

230 852 410 934 solutumque
428 849 512 931 pieni
528 849 627 910 fuerat.
645 851 716 910 Fine
727 853 799 910 anni
811 852 915 911 Vibius
988 903 989 908 ,

230 934 377 994 Secundus
405 954 489 1014 eques
519 931 690 1000 Romanus,
717 932 915 992 accusantibus

230 1011 360 1086 Mauris,
383 1012 600 1094 repetundarum
625 1012 777 1073 damnaui
791 1057 804 1082 ,
833 1032 916 1094 atque

232 1095 318 1158 Itali'a
338 1097 476 1175 exigitur,
500 1113 537 1154 ne
562 1096 690 1173 graviore
714 1093 802 1174 poenai
825 1095 915 1155 affice·

233 1198 326 1246 retur,
344 1171 429 1235 Vibii
445 1175 542 1254 Crispi
559 1175 651 1246 fratris
669 1174 773 1253 opibus
792 1178 897 1236 enisus.
992 1226 993 1244 ,

274 1256 387 1316 XXIX.
405 1255 542 1317 Caesonio
565 1257 660 1327 Paeto,
682 1256 823 1316 Petronio
844 1257 917 1316 Tur·
993 1324 994 1341 χ

235 1336 344 1420 piliano
359 1355 428 1397 coss
446 1339 539 1420 gravis
556 1337 648 1398 clades
666 1337 695 1396 in
709 1337 861 1398 Britannia
871 1359 918 1398 ac·

101 1400 104 1404 ι
167 1436 171 1440 ·
236 1439 326 1500 cepta.
341 1419 375 1478 ln
393 1439 559 1512 quutneque
572 1419 609 1478 A.
627 1417 730 1478 Didius
746 1418 919 1502 legatus,ut
994 1420 995 1452 ³

237 1501 417 1570 memoravi,
438 1503 494 1560 nisi
517 1518 596 1580 parta
618 1501 789 1570 retinuerat,
811 1509 841 1560 &
861 1521 919 1561 suc·

239 1601 330 1642 cessot
347 1579 514 1652 Veranius,
543 1579 664 1640 modicis
687 1581 853 1642 excursibus
875 1582 920 1643 si·
996 1615 997 1636 i

238 1663 312 1724 lotas
328 1663 503 1744 populatus,
548 1663 599 1721 uin
622 1657 694 1721 uitri
713 1661 824 1722 belluni
855 1680 921 1743 pto·
997 1714 998 1724 ,

239 1743 340 1813 ferret,
370 1762 460 1802 morte
492 1758 543 1822 pro
566 1743 650 1802 ibitus
680 1739 719 1802 est
745 1765 753 1800 ε
787 1743 899 1828 magni
911 1789 921 1816 ,
998 1812 999 1829 χ

240 1825 309 1882 dum
339 1826 412 1883 vixit
426 1869 439 1894 ,
467 1826 619 1884 severitatis
650 1819 758 1894 fami,
783 1827 922 1904 supremis

240 1901 399 1962 testamenti
421 1903 514 1962 verbis
535 1905 701 1966 ambitionis
722 1905 891 1967 manifestus
914 1929 921 1963 ε

241 1987 363 2065 quippe,
389 1983 478 2043 multi
506 1987 537 2044 in
564 1986 709 2046 Neronem
735 1986 923 2058 adulatione,

242 2064 371 2136 addidit,
393 2065 569 2146 subjeciumm
586 2071 612 2126 ei
623 2069 800 2142 provinciam
808 2071 923 2146 ficisse,

241 2148 272 2208 si
285 2145 394 2225 biennio
403 2149 530 2220 proximo
540 2149 672 2208 vixisset.
690 2147 747 2208 Sed
762 2167 826 2208 tum
845 2150 926 2210 Paul·

243 2229 318 2289 linus
329 2229 478 2288 Suetonius
493 2227 643 2288 obtinebat
656 2229 824 2302 Britannos,
840 2233 927 2290 scien·

243 2308 284 2370 tici
305 2310 431 2380 militia,
449 2318 477 2368 δι
493 2329 605 2368 rumore
624 2310 737 2390 populi,
759 2313 811 2390 qui
832 2313 926 2372 nemi·

215 2435 219 2443 .
244 2412 313 2450 nem
335 2392 394 2450 sine
419 2390 522 2449 amulo
541 2390 631 2461 sinit,
655 2389 834 2452 Corbulonis
856 2415 926 2453 con-

248 2490 366 2530 certator
406 2493 413 2526 :
449 2490 529 2550 recep
584 2491 619 2530 ue
660 2470 803 2530 Asmeniae
843 2474 929 2534 decus

247 2559 357 2633 aquare
377 2551 494 2610 domitis
514 2571 560 2630 per
581 2551 699 2612 uellibus
719 2553 845 2632 cupiens.
866 2553 930 2638 lgi-

247 2652 291 2692 tur
307 2634 431 2692 Monam
449 2633 589 2704 insulam,
610 2633 711 2694 incolis
728 2633 882 2707 validam,
901 2644 929 2696 dt

248 2714 451 2793 receptaculum
485 2713 695 2799 perfugarum,
727 2714 849 2796 aggredi
883 2737 932 2795 pa·

248 2813 321 2866 rat,
350 2814 490 2876 navesque
519 2793 671 2858 fabricatur
701 2794 788 2876 plano
820 2797 930 2867 alveo,
