2000 3684
239 291 289 389 '74
382 293 419 368 C.
449 298 594 370 const.
624 301 808 370 TAcrnr
873 352 876 357 .

283 418 346 478 LII.
369 418 471 478 Fausto
489 420 585 491 Sulla,
600 420 698 480 Salvio
717 415 839 481 Othone
852 444 921 486 coss.

239 500 339 562 furius
359 501 560 562 Scribonianus
589 503 619 560 in
646 503 774 561 exsilium
804 507 920 587 agitur,

241 583 322 663 qussi
336 583 423 661 finem
434 584 572 657 principis
585 605 637 657 per
658 583 796 644 chaldeos
817 607 922 645 scrute-

241 681 319 723 rerur
339 687 349 720 :
367 663 566 724 adnectebatur
590 664 703 724 crimini
725 665 813 724 leonia
839 688 926 727 mater

242 746 319 824 ejus,
332 763 362 804 ut
380 746 459 806 castis
470 746 576 826 prioris
593 750 606 818 (
620 767 688 825 nam
702 747 828 829 relegata
841 769 904 830 erat
912 756 924 824 )

242 825 400 901 impatiens.
417 825 499 887 Pater
515 827 696 887 Scriboniani
714 827 861 889 Camillus
879 852 925 890 au·

246 929 295 968 ma
318 929 366 989 per
385 909 716 973 Dalmatiam‘moverat
741 931 749 966 τ
775 910 805 969 id
828 933 867 970 ue
894 911 928 971 ad

244 990 426 1050 'clementiam
443 988 572 1051 trahebat
588 990 702 1062 Caesat,
719 988 799 1071 qusld
840 991 846 1004 ⁶
883 1001 927 1052 em

244 1069 376 1130 hostilem
408 1075 509 1132 iterum
537 1091 719 1133 conservaret.
748 1073 855 1154 Neque
884 1095 926 1136 ta·

245 1173 312 1212 men
327 1155 415 1214 exsuli
429 1154 517 1237 longa
535 1151 649 1234 posthac
666 1155 725 1212 vita
738 1153 793 1213 fuit
809 1179 816 1211 :
835 1176 927 1216 morte

230 1232 379 1305 intuiti,
396 1257 433 1295 an
449 1257 496 1316 per
512 1256 653 1295 venenum
670 1233 818 1296 exstinctus
837 1257 926 1310 esset,

244 1331 277 1373 ut
293 1317 410 1396 quisque
428 1317 562 1387 credidit,
579 1318 738 1376 vuloavere.
757 1316 806 1376 De
823 1319 928 1378 maelet-

246 1399 359 1456 rnaticis
374 1398 463 1457 Italici
470 1400 606 1474 pellendis
620 1367 728 1457 litium
738 1418 927 1460 senatuscon-

247 1479 374 1550 sultum,
392 1499 472 1540 atrox
495 1489 523 1540 δι
539 1482 662 1540 insitum.
681 1478 804 1539 Laudati
824 1479 928 1540 dehinc
998 1514 999 1521 κ

247 1562 376 1620 oratione
397 1564 545 1643 principis,
562 1563 609 1639 qui
629 1561 662 1619 ob
678 1562 817 1642 angustias
833 1564 927 1640 fami-

247 1642 331 1703 liares
342 1646 434 1703 ordine
447 1644 585 1704 senatorio
598 1653 693 1717 sponte
705 1645 848 1712 cederent,
863 1665 928 1703 mo-

246 1726 342 1802 tique,
361 1727 408 1801 qui
428 1729 586 1785 remanendo
605 1726 799 1801 impudentiam
809 1747 928 1801 pauper-

249 1806 305 1862 tati
324 1807 478 1884 adjicerent.

290 1886 368 1946 [ΙΙΙ.
390 1886 464 1945 Inter
485 1908 547 1967 quae
565 1884 680 1946 refertur
699 1886 736 1946 ad
754 1904 871 1966 panes,
899 1891 933 1948 de

246 1987 330 2043 poeno
347 1967 533 2046 feminarum,
555 1969 721 2045 quaternis
741 1969 931 2048 conjungeren-

247 2065 298 2106 tur
313 2073 322 2106 :
340 2047 524 2130 statuiturque
536 2067 587 2119 ut,
609 2051 705 2130 ignaro
717 2050 826 2108 domino
844 2054 885 2110 ad
897 2052 931 2110 id

247 2131 403 2205 prolapsa,
417 2131 446 2189 in
456 2132 588 2191 servitute
595 2133 661 2204 ;sin
670 2132 869 2201 consensisset,
878 2153 932 2206 pro

252 2211 358 2271 libertis
371 2211 538 2271 laberentur.
554 2212 694 2283 Pallanti,
711 2231 797 2292 quem
814 2231 930 2285 reperto-

253 2315 309 2353 rem
322 2296 379 2374 ejns
393 2295 535 2353 relationis
554 2292 677 2352 ediderat
694 2292 809 2362 Caesar,
827 2311 937 2366 preto·

254 2377 298 2434 ria
318 2377 461 2454 insignia,
483 2373 510 2434 u
530 2377 630 2434 centies
647 2375 822 2454 quinquagies
834 2376 931 2456 sester-

254 2457 323 2514 tium
339 2457 444 2514 censuit
461 2457 559 2515 consul
578 2455 753 2538 designatus,
776 2456 865 2514 Barea
880 2456 934 2516 So-

255 2557 337 2595 ranus
369 2559 376 2594 :
410 2536 539 2596 additum
564 2559 581 2596 a
608 2538 740 2617 Scipione
763 2536 904 2598 Cornelio
918 2583 931 2606 ,

253 2633 353 2696 grates·
357 2618 465 2694 publici
481 2621 621 2697 agendas,
635 2620 708 2697 quoti
721 2618 825 2697 regibus
837 2618 934 2677 Arta-
992 2676 993 2681 ,

255 2701 306 2758 die
322 2719 418 2770 ortus,
432 2701 606 2760 veterrimam
618 2700 787 2759 nobilitatem
798 2701 932 2774 asstipu-

255 2779 325 2840 blico
332 2782 519 2862 postponeret,
528 2802 606 2862 seque
618 2784 692 2842 inter
700 2782 834 2863 ntimflros
844 2783 937 2857 prin·¹

993 2586 995 2655 l
