2000 3684
218 255 642 348 Genusium.
705 286 775 359 312·

39 423 43 429 -
65 419 68 422 ⁴
92 383 227 444 innoxia.
240 382 342 463 Neque
355 387 433 444 enim
447 403 477 444 ut
485 406 582 446 ament
590 408 772 463 amentume3

77 464 127 524 'in
139 461 318 524 altitudinem
330 465 487 546 quamdam
498 475 526 528 δι
543 487 695 542 tenorent,
715 472 777 533 adi·

91 553 148 612 turi
166 549 258 622 bella,
279 549 404 628 compti,
417 567 449 608 ut
465 545 589 610 hostium
604 553 714 625 oculis,
731 574 780 614 ot··

90 648 203 697 nentur·

131 709 273 774 XXXIX.
301 710 505 793 Vetustissimos
520 734 551 771 se
573 713 775 777 nobilissimos-

89 817 140 875 que
160 793 312 860 Suevontm
331 795 486 854 Semnones
505 813 673 859 memorant.
692 797 774 865 fides

89 876 268 957 antiquitatis
289 875 427 958 religione
444 871 580 935 firmatur.
601 876 682 937 Stato
704 897 775 940 tem÷

112 979 160 1018 ore
178 959 209 1016 in
225 957 347 1028 silvam,
366 956 491 1039 auguriis
508 975 620 1036 pactum
637 967 664 1018 δι
684 959 774 1039 prisca

56 1057 62 1065 ’
89 979 246 1100 formidine
262 1059 388 1108 sacram,
400 1058 500 1096 omnes
511 1038 637 1116 ejusdem
652 1044 773 1126 sangui-

88 1124 136 1182 nis
159 1122 256 1202 populi
277 1120 467 1202 legationibus
490 1139 612 1193 coeunt,
645 1141 773 1206 caesoque
801 1177 804 1183 .

98 1203 203 1263 ‘ublicd
235 1201 352 1262 homine
383 1200 525 1260 celebrant
558 1202 672 1262 barbati
703 1203 773 1276 titiis

89 1225 231 1346 lmttenda
250 1282 412 1366 primordia.
434 1280 484 1343 Est
507 1290 536 1343 δι
558 1284 614 1344 alia
633 1283 698 1344 luco
720 1307 769 1346 te·
834 1282 836 1287 ’

68 1369 224 1436 ⁴verentia.
252 1367 350 1426 Nemo
377 1367 432 1425 nisi
457 1364 572 1425 v'mculo
591 1365 696 1449 ligatus
719 1369 769 1428 in-

15 1489 18 1491 *
89 1448 235 1532 greditut,
251 1467 284 1507 ut
300 1448 413 1522 minor,
434 1443 645 1526 &potestatem
668 1452 769 1510 numi-

16 1537 19 1542 ’
85 1533 136 1592 uis
149 1551 203 1611 prae
224 1551 253 1590 sc
273 1528 390 1589 ferens:
410 1529 433 1587 si
453 1525 526 1586 forte
551 1528 693 1609 prolapsus
712 1530 769 1605 est,

89 1613 228 1678 attolli&
242 1613 385 1693 insurgere
402 1606 475 1667 haud
493 1608 604 1668 licitum
625 1633 632 1666 t
653 1629 702 1688 per
720 1609 771 1674 hu-

88 1715 171 1754 mum
191 1693 384 1754 evolvuntur:
405 1687 496 1772 eisque
517 1691 611 1749 omnis
633 1689 767 1771 supersti-

85 1777 130 1836 tio
147 1775 277 1856 respicit,
298 1794 445 1854 tamquam
467 1769 534 1830 inde
555 1771 636 1831 initia
658 1775 769 1856 gentis,

88 1859 132 1930 ibi
156 1876 288 1942 regnator
307 1857 438 1916 omnium
463 1853 550 1924 deus,
575 1871 664 1914 cetera
694 1855 766 1916 sub.

51 1966 53 1970 ⁴
87 1942 162 2013 iesta
183 1959 266 2022 atque
288 1939 422 2019 parentia.
441 1935 550 2015 Adjicit
568 1937 766 2000 auctoritatem

86 2020 201 2082 fortuna
220 2018 397 2082 Semnonum
419 2043 425 2078 ι
446 2036 559 2077 centum
581 2017 662 2101 pagis
679 2015 765 2092 habif

85 2122 181 2165 tantur
207 2126 214 2160 t
243 2123 406 2188 magnoque
432 2119 549 2180 corpore
569 2097 708 2172 efficitur,
732 2121 764 2172 ut

82 2205 113 2248 se
134 2186 289 2246 Suevotum
309 2203 392 2264 caput
410 2181 533 2241 credant.

44 2292 46 2299 ¹
124 2266 188 2327 XL.
213 2265 324 2333 Contra
340 2253 546 2347 Ltltcgobardos
566 2262 690 2342 paucitas
708 2284 764 2323 no·

83 2351 201 2421 bilitat,
226 2347 305 2430 qudd
339 2347 465 2427 plurimis
497 2364 531 2404 ac
564 2343 762 2408 valentissimis

83 2431 248 2496 nationibus
275 2432 381 2500 cintii,
406 2432 466 2487 non
493 2445 541 2506 per
566 2424 761 2509 obsequium,

82 2514 133 2578 sed
155 2514 258 2595 ptoeliis
275 2523 302 2574 δι
322 2507 506 2592 periclitando
524 2507 578 2569 tuti
597 2527 668 2567 sunt.
685 2508 761 2570 Reu-

76 2597 167 2680 digni
187 2595 297 2676 deinde
319 2591 520 2668 ustiones,
547 2597 574 2648 &
599 2589 708 2673 Angli,
731 2599 760 2652 δι

80 2681 208 2750 Vatini,
230 2687 258 2738 de
284 2674 430 2744 Eudoses,
453 2681 481 2732 &
513 2669 696 2741 suardones,
730 2680 771 2754 ὃς,

76 2754 254 2830 Nuithones,
272 2755 436 2821 fluminibus
458 2770 508 2816 aut
528 2752 606 2894 silvg
624 2751 756 2832 muniun-¹

122 2843 200 2905 Tum.
219 2842 263 2903 ΙΙ.
