2000 3684
142 351 392 422 AuuAtrura
416 353 500 424 Lm.
526 355 628 425 XIII.
683 379 745 449 ιτς

64 474 170 544 traxit,
186 472 298 534 seacula
316 473 406 534 donec
417 493 537 533 mortem
551 475 642 534 obiret
659 497 665 532 ε
682 495 750 536 nam

66 555 179 626 Celer,
204 554 370 627 interfeclo,
397 574 428 613 ut
454 557 630 627 memoravi,
651 555 752 616 Silano

64 636 264 715 proconsule,
298 635 494 719 magnitudine
526 637 633 696 sceleris
661 657 751 698 cetera

64 719 182 799 flagitia
206 716 370 800 obtegebat.
394 717 597 778 Cossutianum
622 717 749 798 Capito·

63 819 135 858 uem
153 797 263 858 Cilices
283 798 437 858 detulerant
453 801 620 858 maculosum
625 799 750 876 foedum-

65 902 140 956 que,
161 876 189 938 ἃ
208 880 278 937 idem
290 883 341 961 jus
358 880 478 940 audacie
492 881 523 937 in
538 880 687 954 provincia
708 903 751 939 ra-

66 979 150 1030 tum,
171 963 242 1037 quod
261 961 290 1019 in
313 960 375 1020 urbe
394 978 558 1019 exercuerat.
584 959 639 1020 Sed
682 963 752 1019 ervi-

65 1042 131 1099 caci
168 1042 346 1100 accusatione
375 1042 576 1111 conflictatus,
610 981 752 1120 pollione

66 1121 266 1181 defensionem
281 1123 400 1192 omisit,
418 1142 450 1180 ac
463 1122 489 1179 le
511 1141 525 1178 e
537 1121 751 1201 repetundarum

67 1203 223 1262 damnatus
243 1200 289 1283 est.
305 1204 361 1262 Pro
379 1202 468 1282 Eprio
487 1142 640 1274 Xlarcellm
659 1225 750 1284 aquo

67 1285 155 1366 Lycii
178 1306 219 1344 res
242 1283 428 1364 repetebant,
451 1281 486 1343 εὸ
516 1304 601 1365 usque
628 1284 752 1345 ambitus

68 1366 236 1448 praevaluit,
268 1384 299 1424 ut
328 1365 445 1446 quidam
473 1383 666 1424 accusatorum
692 1370 751 1446 ejus

68 1447 172 1507 exsilio
196 1446 403 1518 multarentur,
423 1465 561 1524 tamquam
583 1447 689 1505 insonti
701 1470 750 1522 pc·

67 1530 188 1590 ticulum
201 1528 347 1605 fecissent.

110 1609 256 1669 XXXIV.
288 1607 403 1667 Nerone
422 1606 534 1666 tertium
554 1606 688 1675 consule,
717 1609 751 1666 si-

70 1692 132 1749 mul
159 1691 225 1749 iniit
249 1690 423 1748 consulatum
443 1689 574 1747 Valerius
595 1687 751 1759 Messalla,

69 1778 150 1850 cujus
187 1791 353 1850 proavum,
387 1789 527 1829 oratorem
560 1769 752 1842 Coruinum,

69 1853 140 1914 clivo
159 1850 306 1934 Augusto,
330 1848 422 1910 abavo
443 1851 585 1922 Neronis,
611 1851 750 1935 collegam

69 1936 101 1996 in
121 1956 158 1993 eo
178 1931 342 2016 magistratu
357 1931 456 2003 fuisse,
476 1933 558 2011 pauci
573 1937 631 2010 jam
652 1953 750 1992 senum

69 2017 295 2074 meminerantt
320 2013 368 2072 sed
394 2014 486 2073 nobili
517 2012 632 2073 familiae
660 2009 754 2074 honor

69 2099 173 2157 anetus
189 2093 245 2166 est,
263 2095 367 2154 oblatis
379 2096 409 2152 in
422 2094 547 2175 singulos
560 2116 649 2154 annos
662 2097 750 2176 quin-

70 2180 154 2262 genis
179 2174 326 2246 sestertiis,
354 2175 455 2256 quibus
473 2174 607 2234 Messalla
629 2195 750 2256 pauper-

70 2279 162 2318 tatem
186 2259 333 2316 innoxiam
353 2254 522 2314 sullentaret,
544 2255 659 2314 Aurelio
679 2277 753 2336 quo-

68 2337 273 2422 que‘Cottae,
302 2347 330 2397 &
356 2336 475 2395 Haterio
503 2336 670 2406 Antonino,
695 2357 753 2395 an-

71 2442 161 2482 nuam
181 2420 331 2500 pecuniam
351 2415 445 2476 statuit
462 2418 607 2497 princeps,
624 2420 754 2497 quamvis

70 2525 121 2585 per
144 2503 243 2562 luxum
272 2501 361 2560 avitas
387 2519 455 2577 opes
476 2498 661 2578 dissipassent.
684 2499 752 2577 Ejus

71 2587 141 2645 anni
160 2583 321 2663 principio,
339 2581 472 2638 mollibus
483 2576 574 2638 adhuc
586 2581 672 2637 initiis
682 2601 751 2659 pro-

72 2666 193 2726 latatum
209 2665 282 2722 inter
294 2659 412 2720 Parthos
427 2661 631 2740 Romanosque
646 2659 680 2718 de
693 2660 751 2718 ob-

72 2746 191 2806 tinenda
206 2744 345 2804 Armenia
363 2743 488 2811 bellum,
501 2743 601 2800 acriter
614 2742 731 2800 sumitur
744 2765 752 2800 ι

72 2831 140 2910 quia
159 2847 213 2888 nec
238 2824 399 2908 Vologeses
421 2822 531 2883 sinebat
547 2821 660 2882 fratrem
680 2819 755 2882 Tiri-
