2000 3684
240 331 305 400 33²
359 311 397 385 C,
426 311 575 382 Corn.
606 312 798 380 Tacrrr

235 447 382 501 veremm,
404 429 509 490 Fabius
527 427 654 490 Rusticus
673 429 836 490 recentium
851 429 922 498 elo·

236 512 411 592 quentissimi
442 515 589 583 auclores,
615 510 749 594 oblonga
782 511 924 583 scutulae,

235 593 281 656 vel
296 592 414 674 bipenni
434 593 636 653 adsimulavere
657 601 708 652 t&
726 589 767 650 est
781 611 816 652 ea
835 589 923 653 facies

163 687 166 692 ·
236 675 305 734 citra
328 671 537 744 Caledoniam,
564 673 685 734 unde&
704 674 735 732 in
755 674 923 734 universum

235 753 316 816 fama
337 753 376 814 est
398 773 568 839 transgressa
589 778 596 812 r
618 753 667 815 sed
688 755 869 814 immensum
896 763 924 816 δι

238 856 354 897 enorme
388 839 510 916 spatium
536 837 759 917 procurrentium
777 845 923 896 'extremo

236 922 297 998 jam
327 918 420 977 littore
448 937 582 978 terrarum
594 959 606 988 ,
635 915 712 977 velut
739 918 772 976 in
800 935 925 978 cuneum

238 1017 377 1060 tenuatur.
392 999 479 1058 Hanc
489 1019 570 1059 oram
583 998 731 1058 novissimi
744 999 836 1058 inaris
858 1018 925 1060 tunc

238 1078 362 1162 primrim
383 1080 516 1140 Romana
537 1081 630 1140 classis
651 1079 863 1151 circumvecia,
880 1082 925 1140 in·

238 1161 329 1223 sulam
345 1180 401 1222 esse
412 1161 588 1224 Britanniam
601 1157 778 1232 adfirmavit,
792 1182 828 1220 ac
840 1161 926 1222 simul

237 1243 399 1325 incognitas
417 1242 497 1302 adid
514 1259 622 1323 tempus
643 1241 762 1311 insulas,
777 1263 854 1322 quas
873 1243 926 1302 Or·

239 1324 324 1400 cadas
341 1341 461 1394 vocant,
486 1326 615 1396 invenit,
637 1323 805 1404 domuitque
832 1324 925 1394 :dio

239 1409 320 1486 pecla
340 1403 379 1464 est
398 1414 428 1466 &
447 1403 564 1479 Thule,
585 1426 672 1486 quam
693 1401 830 1470 haetenus
854 1407 925 1478 nix,

241 1497 269 1547 δι
294 1484 385 1546 hiems
405 1486 528 1547 abdebat
552 1511 559 1546 r
586 1485 733 1562 aeclinare
757 1487 880 1568 pigrum
898 1496 925 1548 δι

241 1589 327 1651 grave
349 1569 553 1652 remigantibus
575 1566 723 1648 perhibent
737 1589 752 1624 ·:
773 1587 811 1626 ne
832 1569 927 1630 ventis

242 1650 359 1730 quidem
381 1649 495 1730 perinde
512 1649 623 1721 attolli3
648 1645 752 1720 credo,
772 1645 857 1730 qubd
879 1670 926 1710 ra-

240 1733 326 1791 riores
345 1750 422 1807 terrae
439 1750 624 1814 montesque,
642 1751 724 1790 causa
745 1749 779 1789 ac
805 1733 927 1794 materia

242 1809 458 1893 tempestatum,
486 1822 514 1873 &
542 1810 684 1894 'profunda
715 1811 806 1870 moles
834 1814 926 1873 conti·

241 1895 292 1955 nui
326 1895 411 1952 maris
446 1891 552 1954 tardiris
588 1889 747 1976 impellitur.
781 1887 926 1970 Naturam

242 1972 354 2034 Oceani
370 1994 456 2056 atque
479 1974 556 2036 aestus
581 1997 671 2057 neque
694 1995 815 2056 quatere
842 1973 926 2054 hujus

242 2058 334 2136 operis
355 2052 412 2127 est,
431 2077 464 2116 ac
480 2058 565 2118 multi
583 2057 721 2116 retulere:
738 2077 827 2116 unum
845 2057 926 2118 addi-

244 2136 353 2209 ierim,
382 2160 522 2219 nusquam
548 2137 629 2198 laticis
658 2135 800 2198 dominari
826 2159 926 2212 mare,

244 2221 365 2282 mrtltum
392 2223 542 2280 fluminum
565 2217 620 2280 huc
639 2239 723 2302 atque
743 2218 811 2278 illuc
831 2218 925 2292 ferre,

243 2323 296 2365 nec
318 2303 411 2361 littore
431 2297 510 2362 tenus
528 2301 683 2362 adcrescere
702 2320 751 2360 aut
768 2301 927 2372 resorberi,

244 2384 293 2444 sed
318 2385 430 2442 influere
459 2384 567 2462 penitus
588 2402 672 2464 atque
691 2382 821 2453 ambire,
838 2383 927 2460 etlam

243 2467 318 2548 iugis
330 2484 414 2544 atque
425 2464 572 2523 montibus
583 2465 666 2522 inseri
675 2465 751 2538 uelut
762 2464 793 2522 in
803 2484 864 2524 suo.

286 2546 340 2607 XI.
365 2542 499 2606 Cetenim
517 2541 695 2605 Britanniam
722 2545 773 2626 qui
792 2545 926 2608 mortales

245 2628 328 2689 initio
352 2626 509 2700 coluerint,
526 2626 665 2712 indigena
688 2649 724 2686 an
742 2624 874 2696 aduren,
895 2646 927 2686 ur

245 2711 318 2769 inter
344 2708 497 2780 barbaros,
523 2729 621 2788 parum
644 2725 830 2788 compertum.
855 2705 924 2776 Ha-

246 2789 321 2852 bitus
344 2809 493 2872 corporum
510 2791 582 2853 varii
592 2812 603 2866 3
624 2807 708 2874 atque
733 2809 767 2850 ex
786 2809 821 2850 eo
840 2809 924 2874 argu·
