2000 3684
125 351 368 420 rrnnnnnn
393 353 477 420 Lrn.
502 349 585 421 rV.
661 352 731 443 197

60 471 198 553 majoribus
208 473 378 532 malueram:
394 475 422 531 ri
431 473 667 532 cundldtione'rleli
683 475 732 543 ui,
776 521 781 528 .

63 557 155 614 virture
166 556 237 613 torri
272 577 308 612 m.
328 554 361 613 V
356 550 423 634 eflra
430 555 537 630 quidem
545 556 593 612 vis
604 493 732 631 &gdn‘e

62 636 88 692 in
104 637 203 714 integro
221 659 234 693 e
260 681 272 704 ,
290 637 384 694 addite
404 634 536 715 modestice
547 634 630 710 fame
639 656 654 705 ;
674 653 732 710 que

63 737 135 792 neque
154 719 267 775 summis
287 718 442 776 mortalium
463 718 614 790 spernenda
633 712 731 795 qh&

63 799 149 856 ediis
173 799 323 878 estimatur.
349 797 450 871 Simul,
470 796 632 856 diademate
648 813 733 876 caput

64 874 189 938 Tiridatis
226 880 332 950 evinrit
360 901 370 948 3
406 897 569 959 promptam
604 878 733 938 eurtum

65 977 189 1030 manum,
214 981 275 1040 quae
303 979 401 1042 regem
428 981 463 1021 ex
483 980 563 1018 more
590 979 619 1018 se
666 976 734 1028 tur,

64 1037 189 1110 Monesi,
218 1041 311 1100 nobili
339 1042 424 1112 viro,
455 1040 591 1111 tradidit,
617 1039 735 1118 adjectis

65 1119 266 1182 Adiabenorum
290 1122 401 1182 auxiliis
425 1144 431 1178 :
454 1122 657 1203 mandavitque
686 1121 735 1179 Tt-

64 1223 155 1278 granen
172 1202 309 1264 Armenici
323 1202 481 1274 exturbari,
494 1204 563 1263 dum
579 1205 655 1282 ipse,
675 1223 734 1281 po-

66 1283 117 1342 sitis
142 1283 269 1344 adversus
293 1284 443 1365 Hyrcanos
471 1283 637 1355 discordiis,
663 1285 737 1343 vires

67 1365 187 1437 intimas,
212 1367 377 1447 molemque
398 1366 466 1426 belli
486 1371 565 1440 tier,
583 1365 736 1447 provinciis

66 1435 192 1508 Romanis
210 1449 357 1517 minitans,

100 1526 149 1588 III.
169 1531 243 1606 Quae
270 1529 320 1588 ubi
346 1528 509 1590 Corbuloni
531 1531 612 1590 tertis
631 1529 737 1588 nuntiis

68 1608 152 1669 audita
170 1631 256 1681 sunt,
276 1610 404 1693 legiones
419 1611 488 1672 duas
505 1631 570 1672 cum
589 1609 737 1668 Verulano

68 1687 181 1763 Severo,
209 1701 240 1752 &
273 1692 374 1752 Vettio
407 1693 547 1764 Bolano,
581 1689 738 1752 subsidium

68 1766 176 1854 Tigrani
200 1775 310 1845 mittit,
339 1774 452 1833 occulto
483 1791 619 1854 precepto
631 1817 642 1844 ‚
669 1793 740 1830 corn

66 1854 173 1924 positids
187 1860 283 1914 cunda
292 1903 304 1924 ,
325 1854 405 1932 qudm
411 1854 590 1938 ftstinuntiris
606 1871 738 1934 agerent:

70 1935 160 2014 qnippe
180 1931 427 2007 bellum'habere,
450 1935 536 2017 quim
563 1956 658 2020 gerere
679 1955 740 1994 ma·

69 2011 143 2074 lebat.
164 2017 322 2097 ·Scripserat
343 2038 377 2078 ue
401 2015 533 2088 cesari„
542 2020 653 2093 proprio
673 2020 740 2076 duce

71 2115 127 2168 opus
146 2121 206 2159 esse.
214 2143 226 2169 ,
246 2097 292 2176 qui
307 2038 471 2158 firmantiam
488 2101 638 2176 deftnderet
658 2122 669 2156 .·
687 2096 740 2177 Sy·

72 2176 149 2248 riam,
165 2182 308 2259 ingruente
335 2180 491 2258 Vologese,
509 2182 614 2240 acriore
632 2181 663 2237 in
683 2181 741 2238 dis·

71 2259 169 2318 erimine
183 2283 254 2322 esse.
273 2264 367 2341 Atque
387 2261 502 2320 interim
515 2261 636 2340 reliquas
647 2259 741 2341 legio-

71 2357 112 2396 nes
127 2361 174 2419 pro
192 2345 256 2422 ripa
283 2339 433 2420 Euphratis
453 2341 530 2401 locat
552 2364 559 2398 ε
581 2340 741 2400 tumultua-

72 2419 133 2478 riam
147 2423 362 2500 provincialium
375 2441 493 2482 manum
504 2440 596 2482 arma
606 2443 614 2478 r
626 2419 741 2482 hostiles

73 2499 197 2581 ingressus
212 2503 347 2584 praesidiis
357 2506 507 2584 intercipit.
520 2504 559 2564 Et
569 2505 638 2584 quia
651 2523 743 2586 egena

73 2601 197 2674 aquarum
218 2586 299 2668 regio
321 2583 379 2658 est,
403 2583 514 2646 castella
540 2583 668 2645 fontibus
689 2586 744 2644 im*

73 2680 185 2804 pffir'tgf
216 2665 356 2748 quosdam
383 2668 458 2728 rivos
489 2664 624 2750 congestu
653 2685 742 2726 arenae

75 2762 89 2800 a
125 2765 187 2806 rrt.

105 2823 154 2887 IV.
170 2827 215 2890 Ea
231 2826 300 2890 dum
317 2851 334 2892 a
348 2827 516 2892 Corbulone
529 2828 639 2971 rufndae
656 2830 761 2912 Syriae>

121 2977 124 2982 ,
591 2930 622 2992 ¹¹1
