2000 3684
178 343 427 418 Anuatrtru
453 345 538 417 er.
562 343 664 417 rrV.
705 365 767 438 ¹5¹

90 468 156 551 quis
173 468 248 528 adeo
269 463 356 527 hebes
374 467 563 539 inveniretur,
580 486 612 526 ut
629 463 771 526 crederet?

90 571 142 610 aut
162 573 180 610 a
202 549 318 609 muliere
337 547 474 632 naufraga
493 549 608 608 missum
627 567 692 609 tum
713 549 771 608 telo

86 652 202 702 unum,
246 631 277 689 ui
296 627 444 701 cohortes,
472 637 498 690 lt
527 630 623 690 classes
648 632 797 710 impera-¹

89 715 159 772 toris
179 732 229 792 per
256 712 385 794 ingeret?
407 709 490 794 Ergo
511 731 569 770 non
591 715 649 790 jam
674 711 770 784 Nero,

87 797 170 871 enjus
180 793 345 852 immanitas
356 794 486 852 omniurn
497 789 608 872 questus
625 791 771 864 anteibat,

89 873 141 934 sed
170 873 288 934 adverso
317 895 429 932 rumore
462 872 567 934 Seneca
594 891 674 942 erat,
702 873 776 950 quid

87 956 218 1014 oratione
239 955 294 1013 tali
311 955 509 1032 confessionem
523 953 688 1028 scripsisset.

86 1054 91 1060 ·
133 1035 203 1096 XII.
219 1035 311 1094 'Miro
330 1054 427 1095 tamen
451 1035 602 1094 certamine
626 1053 773 1116 procerum

91 1115 280 1176 decernuntur
294 1117 509 1192 supplicationes
520 1119 593 1194 apud
602 1117 695 1175 omnia
701 1117 770 1191 pul·

90 1200 227 1268 vinaria,
240 1217 318 1276 utque
337 1199 545 1279 Quinquatrus,
563 1195 659 1277 quibus
675 1216 773 1274 aperta

89 1280 329 1350 essentiatum,
347 1281 420 1339 ludis
435 1281 536 1339 annuis
554 1279 772 1340 celebrarentur:

91 1384 205 1420 aureum
223 1361 362 1421 Mineruia
379 1362 553 1420 simulacrum
573 1363 603 1420 in
625 1363 702 1420 turia
712 1407 722 1433 ,
746 1355 773 1422 fil

86 1441 175 1525 juxti
192 1442 330 1517 principis
341 1444 431 1521 imago
435 1444 600 1524 statueretur
617 1465 627 1499 .·
646 1445 705 1501 dies
723 1464 774 1500 na·

93 1524 164 1583 tulis
174 1523 338 1602 Agrippina
347 1525 420 1582 inter
429 1524 543 1605 nefltslos
554 1537 635 1584 esset.
645 1521 774 1581 Thrasea

91 1603 185 1664 Paetus
196 1651 205 1675 ,
215 1604 354 1676 silentio,
373 1603 420 1663 vel
434 1603 514 1663 brevi
531 1603 649 1663 adsensu
670 1605 775 1682 priores

93 1685 273 1746 adulationes
288 1687 472 1746 transmittere
489 1685 609 1754 solitus,
631 1685 698 1744 exiit
713 1703 775 1743 turn

92 1787 212 1836 senatu3
232 1787 266 1826 ac
286 1768 340 1826 sibi
360 1787 472 1826 causam
492 1767 607 1848 periculi
626 1762 711 1836 fecit,
733 1787 775 1826 ce-

94 1847 160 1908 teris
180 1847 317 1908 libertatis
339 1849 452 1907 initium
474 1869 533 1908 non
556 1848 680 1930 prebuit.
704 1845 775 1907 Pro-

94 1928 176 2012 digia
189 1949 303 2010 quoqne
320 1929 414 1988 crebra
431 1938 457 1990 &
475 1931 559 1990 inrita
577 1932 773 1989 intercessere:

94 2031 222 2094 anguem
234 2011 316 2070 enixa
335 2011 451 2080 mulien
465 2019 492 2070 bt
510 2012 565 2070 alia
582 2014 611 2070 in
625 2009 777 2070 concubitu

94 2093 195 2152 mariti
212 2089 331 2150 fulmine
346 2093 506 2152 exanimata
522 2115 528 2149 :
541 2098 600 2171 jam
612 2093 654 2152 sol
664 2111 777 2171 repente

90 2175 281 2244 obscuratus,
301 2181 328 2232 &
347 2177 427 2232 talia
450 2173 485 2232 de
505 2173 578 2232 coelo
601 2171 776 2254 quatuorde-

94 2256 154 2314 cim
174 2253 252 2314 urbis
275 2275 303 2313 re
326 2255 405 2316 iones
426 2277 434 2310 t
458 2273 519 2336 qna
543 2251 614 2312 adeo
635 2255 694 2313 sine
715 2273 779 2314 cura

94 2335 183 2396 deitm
210 2276 397 2407 eveniebant,
421 2352 452 2394 ut
476 2335 580 2394 multos
606 2333 669 2416 prist
688 2355 778 2394 annos

95 2419 178 2478 Nero
206 2417 357 2498 imperium
386 2426 414 2477 &
434 2417 537 2476 scelera
566 2417 778 2478 continuaverit.

97 2494 254 2568 Cetettim,
272 2497 331 2578 qnb
350 2517 477 2582 gravaret
495 2496 635 2559 invidiam
659 2500 754 2558 matris
765 2544 777 2567 ,

98 2579 132 2638 ei
152 2599 190 2637 ue
219 2577 488 2648 demoti,‘aullam
521 2579 665 2638 lenitatem
700 2600 779 2638 suam

98 2679 126 2720 te
153 2657 311 2729 licaretur,
332 2657 453 2720 feminas
471 2659 619 2731 inlustres,
644 2659 778 2731 lunium,

98 2750 126 2802 &
148 2741 360 2819 Calpurniam,
381 2739 543 2820 praefeemri
563 2739 675 2800 functos
693 2741 781 2800 Vale-

92 2825 169 2884 rium
196 2822 372 2903 Capitonem
389 2830 416 2882 lt
438 2821 579 2882 Licinium
605 2823 775 2891 Gabolum,

580 2903 660 2963 Giv
