2000 3684
177 323 433 401 AnuArrosr
457 323 540 400 Lm.
565 323 668 404 XIV.
713 353 775 426 173

98 447 219 532 jubetur.
242 452 271 512 Is
285 471 345 511 non
363 451 478 512 inritato
500 449 604 524 hoste,
626 473 717 538 neque
739 457 780 516 la·

98 535 240 604 cessitus,
276 530 426 592 honesturn
457 536 533 614 pacis
563 551 669 598 nomen
701 539 782 622 segni

96 617 161 674 orio
181 615 326 694 imposuit.

76 724 80 730 ·
140 695 206 756 XL.
227 695 341 754 Eodem
358 712 435 756 anno
454 691 556 758 Romae
580 691 701 782 insignia
720 711 781 760 sce-

99 775 177 848 lera,
210 777 329 836 alterum
356 779 511 850 senatoris,
544 778 635 838 servili
663 781 780 842 altentm

95 857 238 928 audacia,
261 858 382 918 admissa
406 874 479 920 sunt·
504 853 651 920 Domitius
676 861 780 923 Balbus

96 957 156 998 erat
177 941 346 1020 ptaetorius,
371 940 456 999 simul
475 939 564 1036 longi
585 940 717 1013 senesti,
738 947 779 1003 si-

98 1020 159 1080 mul
172 1021 294 1080 orbitate
308 1029 335 1081 dt
354 1019 473 1099 pecunii
484 1022 595 1082 insidiis
612 1021 752 1084 obnoxius
770 1047 778 1082 t

98 1103 124 1158 ei
143 1104 317 1182 propinquus
340 1101 472 1162 Valerius
493 1099 655 1174 Fabianus,
680 1125 777 1184 capes-

79 1182 189 1242 sendis
211 1180 367 1242 honoribus
390 1181 555 1256 destinatus,
579 1183 705 1246 subdidit
726 1199 778 1246 tes-

98 1281 278 1335 tamentum,
303 1263 415 1323 adscitis
445 1264 555 1325 Vincio
585 1264 720 1337 Rufino,
744 1271 777 1328 'dr

99 1340 235 1404 Terentio
273 1346 416 1416 Lentino,
453 1347 594 1427 equitibus
627 1347 776 1410 Romanis.

98 1423 143 1484 Illi
157 1426 321 1486 Antonium
339 1427 486 1498 Primum,
506 1437 533 1488 dt
548 1429 680 1488 Asinium
699 1429 779 1490 Mat·

97 1507 200 1566 cellum
247 1509 428 1568 sociaverant.
479 1510 620 1570 Antonius
658 1509 778 1570 audaciis

98 1607 243 1668 promptus
268 1611 278 1659 3
315 1591 466 1650 Marcellus
503 1591 605 1650 Asinio
647 1590 778 1652 Pollione

116 1691 206 1730 toavo
232 1670 341 1741 clarus,
366 1690 457 1752 neque
476 1691 589 1729 motum
609 1671 777 1749 spernendus

96 1687 277 1821 iabebator,
302 1753 359 1810 nisi
387 1750 465 1834 qudd
488 1769 679 1832 paupertatem
707 1771 778 1832 pro-

97 1833 212 1912 ripuum
233 1833 372 1893 malorum
392 1832 530 1893 credebat.
556 1833 647 1916 igitur
673 1833 776 1896 Fabia-

98 1935 148 1973 nus
169 1913 354 1985 tabulariis,
377 1932 449 1996 quos
472 1917 647 1985 memoravi,
665 1925 692 1976 &
711 1917 776 1976 aliis

96 1993 186 2055 mincis
208 1994 388 2066 inlustribus,
412 1996 573 2075 obsignat:
598 1997 676 2078 quod
699 1995 775 2077 apud

97 2095 185 2156 patres
203 2079 389 2136 considium:
411 2086 440 2137 dr
459 2076 599 2137 Fabianus
621 2077 775 2138 Antonius·

96 2177 149 2236 que
166 2177 234 2217 cum
255 2156 361 2218 Rufino
379 2167 408 2218 &
424 2159 560 2218 Terentio
580 2159 643 2239 lege
666 2158 775 2218 Corne-

96 2237 139 2298 lia.
158 2237 339 2300 damnanttu.
359 2240 532 2303 Marcellum
555 2240 693 2298 memoria
714 2259 775 2300 rna-

96 2323 210 2397 jomm‚
230 2330 260 2381 &
281 2341 375 2400 preces
395 2321 534 2392 Castris,
553 2340 642 2400 poenae
662 2322 774 2404 magis,

95 2398 180 2480 quint
205 2401 333 2462 infamiae
352 2422 489 2462 exemere.
536 2462 539 2468 ,
594 2446 596 2452 -

133 2482 214 2542 XLI.
239 2483 364 2543 Perculit
385 2485 409 2544 is
430 2483 490 2544 dies
507 2482 676 2564 Pompeium
699 2501 774 2564 quo-

94 2581 148 2642 que
181 2562 362 2635 AElianum,
400 2570 530 2643 juvenem
565 2561 744 2645 qualiotium
761 2611 774 2636 ,

96 2659 241 2726 tamquam
268 2648 441 2728 flagitiorum
472 2646 593 2705 Fabiani
619 2665 770 2728 gnatum:

95 2726 174 2806 eique
191 2725 275 2786 ltalii
284 2735 312 2787 &
321 2726 461 2805 Hispanii
474 2773 483 2797 ,
497 2729 527 2785 in
540 2747 596 2806 qua
607 2743 683 2786 ottus
697 2743 771 2796 erat,

95 2804 273 2870 interdtdium
301 2806 348 2870 est.
371 2808 436 2870 Pati
456 2805 776 2950 igmmiffii„V³¹⁶fi¹¹⁵

622 2908 653 2970 ul
