2000 3684
185 327 434 403 Auuurruu
459 331 547 401 ω.
569 331 651 402 XV.
687 354 756 418 229

84 471 167 532 quarn
186 451 316 514 adversus
328 471 437 521 sontes,
451 459 478 512 &
491 452 645 512 novissima
660 473 759 512 exem-

84 533 129 612 pla
160 535 299 604 meritos,
328 534 470 594 miseratio
499 532 657 604 oriebatur,
685 553 759 594 tant·

83 635 167 693 quam
189 637 250 676 non
277 615 396 676 utilitate
418 611 533 694 publicai
550 613 600 674 sed
618 616 649 676 iu
670 616 755 676 suvi-

85 697 152 754 tiam
174 697 257 756 unius
278 696 496 756 absumerentur.
525 730 529 736 ·

120 775 215 838 XLV.
236 777 345 838 Interea
360 774 538 836 conferendis
551 777 674 854 pecuniis
693 798 758 856 per-

84 855 186 918 vastata
208 859 314 929 Italia,
332 859 481 940 provincia
510 877 635 926 eversae,
666 861 756 918 socii·

85 958 137 1018 que
157 939 275 1020 populi,
296 948 323 1000 &
343 960 405 1020 quae
425 939 570 998 civitatum
588 937 682 997 liberae
696 960 755 998 vo·

86 1039 186 1082 untur.
221 1021 312 1100 Inque
345 1041 409 1080 eam
442 1019 566 1098 praedam
599 1019 685 1079 etiam
715 1019 758 1080 dii

82 1120 205 1173 cessere,
229 1103 356 1181 spoliatis
377 1103 407 1160 in
431 1100 498 1158 urbe
520 1101 652 1179 templis,
671 1121 755 1183 eges·

86 1199 167 1262 toque
186 1204 272 1252 auro,
292 1181 370 1263 quod
388 1177 552 1259 triumphis,
569 1180 648 1261 quod
664 1184 756 1254 votis,

87 1266 175 1324 omnis
198 1263 298 1346 popuii
316 1263 442 1322 Romani
459 1281 524 1322 aetas
539 1263 686 1342 μωραὶ,
707 1283 758 1324 aur

86 1344 115 1402 in
132 1365 225 1416 metu,
243 1364 404 1404 sacraverat.
423 1343 577 1404 Enimvero
592 1364 639 1422 per
655 1345 757 1406 Asiam

86 1445 165 1506 atque
181 1423 324 1486 Achaiam
341 1447 401 1486 non
417 1424 493 1484 dona
510 1443 642 1496 tantum,
658 1424 706 1485 sed
718 1428 758 1485 si-

88 1509 205 1568 mulacra
236 1509 386 1568 numurum
413 1507 642 1586 abripiebantur,
668 1507 759 1568 miss'o

88 1587 117 1646 in
139 1610 189 1666 ¹eas
216 1589 375 1670 provincias
401 1587 529 1658 Acrato,
563 1607 597 1646 ac
626 1586 758 1649 Secundo

89 1667 228 1732 Carinate.
256 1670 308 1730 lile
331 1669 465 1740 libertus,
488 1668 655 1748 cuicumque
674 1669 759 1752 flagi-

88 1751 134 1808 tio¹
152 1771 320 1832 promptus3
352 1747 398 1810 bic
425 1747 527 1810 Grata
553 1747 681 1810 dochini
708 1771 759 1810 ore

90 1849 165 1894 tenus*
192 1835 352 1902 exercitus,
386 1831 517 1903 animuin
544 1830 630 1892 bonis
651 1831 757 1893 artibus
810 1833 812 1838 ’

89 1933 144 1973 non
166 1916 303 1976 induerat.
321 1911 471 1972 Petebatur
493 1911 620 1983 Seneca,
635 1913 686 1990 qud
713 1915 758 1972 iu·

90 1996 188 2055 vidium
202 1995 343 2074 sacrilegii
354 2017 372 2052 a
380 2012 464 2054 semet
478 2012 629 2065 averteret,
641 1993 759 2077 longin-

91 2079 136 2155 qui
155 2081 222 2140 ruris
247 2097 383 2138 secessum
409 2075 559 2146 oravisse,
579 2071 759 2156 &postquam

92 2179 140 2216 non
159 2159 367 2228 concedebatur,
383 2158 451 2235 find
475 2157 632 2216 ualetudine
644 2200 656 2227 ,
679 2159 760 2232 quusi

91 2259 153 2316 ager
167 2241 282 2310 nervis,
302 2237 452 2300 cubiculum
463 2258 518 2294 non
534 2258 666 2316 egressus.
687 2233 759 2296 Tra-

93 2317 179 2380 didere
205 2320 343 2404 quidam,
367 2340 502 2380 venenum
524 2317 551 2374 ei
565 2338 617 2392 per
634 2316 760 2378 libertum

93 2399 194 2474 ipsius,
217 2403 262 2464 cui
284 2423 384 2462 norm
407 2397 584 2468 Cleonicus,
604 2416 757 2472 puratum,

86 2479 163 2558 jussu
181 2483 302 2544 Neronis
310 2506 323 2555 ;
340 2481 507 2556 vitatumque
526 2501 545 2538 u
560 2478 682 2549 Seneca,
692 2503 758 2554 pru7

93 2564 189 2625 ditione
203 2565 295 2626 libani
302 2610 315 2634 ,
328 2585 375 2624 seu
388 2560 677 2637 prupridfhrmidlne,
694 2563 759 2627 dum

90 2648 249 2722 persimplici
260 2647 356 2716 vitiu,
375 2640 401 2703 ἃ
420 2640 564 2722 agrestibus
575 2642 686 2716 pomis,
705 2663 756 2716 oc,

92 2725 195 2864 silsicr‘s
218 2732 391 2800 admoneret,
406 2725 555 2805 profluuute
576 2723 647 2804 aqud
666 2722 758 2790 vitan

93 2821 189 2872 tuerat.
707 2853 712 2862 .
