2000 3684
157 310 409 383 Auurtruu
433 317 520 386 er.
542 317 624 388 XV.
668 341 740 408 237

59 450 227 515 promptum
265 431 372 518 vagina
400 437 586 518 pugionem,
616 438 653 499 de
681 461 742 522 quo

59 512 146 596 supr'a
163 515 263 585 retuli,
283 515 412 595 uetustate
434 516 557 578 obtusum
579 522 740 600 increpans,

61 597 191 670 asperari
213 617 303 665 saxo,
326 593 352 657 fi
375 598 405 656 irr
431 621 582 659 mueronem
605 606 741 663 ardescere

60 678 153 754 jussit.
188 677 318 757 Eamque
359 698 454 738 cutam
485 679 588 739 liberto
617 681 742 742 Milicho

63 755 224 816 mandavit.
241 758 333 816 Simul
346 757 512 820 adfluentius
530 762 615 820 solito
637 765 741 824 convi-

64 839 147 897 vium
172 839 274 898 initum
298 843 467 899 {servorum
494 842 629 902 carissimi
651 842 740 903 liber-

66 937 145 988 tate,
169 919 267 977 &alii
290 917 407 998 pecunii
430 920 529 980 donati
552 943 659 1004 :atque
684 925 744 1002 ipse

65 997 201 1070 moestus,
225 1009 252 1059 ὃ(
272 1021 383 1084 magnae
403 1003 586 1084 cogitationis
608 1003 745 1064 manifes-

66 1099 112 1140 tus
134 1099 216 1151 erar,
234 1085 363 1162 quamvis
383 1083 510 1142 lentiam
529 1085 610 1167 vagis
632 1105 743 1144 sermo-

67 1161 155 1220 nibus
173 1162 323 1222 simularet.
342 1161 486 1223 Postremi>
502 1165 659 1225 vulneribus
672 1168 745 1246 liga·
812 1162 816 1169 ’

68 1261 183 1312 menta,
209 1243 351 1321 quibusque
370 1246 476 1328 sistitur
491 1247 628 1326 sanguis,
645 1268 746 1321 parare

70 1323 205 1383 eumdem
230 1322 383 1384 Milichum
407 1345 522 1398 monet,
547 1329 605 1386 sive
626 1346 746 1411 gnarum

35 1427 38 1434 ·
70 1403 302 1483 conjurationis,¹
320 1415 348 1466 &
368 1407 432 1466 illuc
453 1429 540 1489 usque
561 1406 673 1478 fidum,
698 1431 747 1470 seu
837 1423 841 1431 '

69 1487 218 1558 nescium,
245 1495 273 1546 &
290 1505 356 1546 runc
381 1487 503 1569 primdm
526 1492 639 1570 arreptis
658 1493 749 1570 suspi-

71 1567 226 1640 cionibus,
248 1587 279 1627 ut
298 1569 421 1650 plerique
442 1569 579 1629 tradidere
595 1569 630 1629 de
648 1591 748 1630 consc-

59 1649 233 1730 ·quentibus.
248 1649 327 1709 Nam
345 1671 433 1730 quum
452 1671 547 1710 secum
567 1651 672 1710 servilis
690 1653 751 1712 ani·

73 1752 136 1791 mus
156 1732 271 1810 praemia
288 1729 409 1812 perfidia
431 1732 590 1811 reputavit,
610 1731 750 1813 simulque

73 1812 214 1872 immensa
233 1813 350 1892 pecunia
369 1821 396 1876 δι
416 1814 542 1894 potentia
559 1813 750 1874 obversaban-

75 1912 139 1964 tur,
167 1895 248 1953 cessit
270 1893 333 1966 fas,
353 1903 381 1954 &
402 1894 473 1954 salus
494 1895 628 1975 patroni,
651 1903 679 1954 δι
704 1915 750 1954 ac·

74 1993 161 2054 ceptae
186 1975 322 2036 libertatis
351 1977 496 2036 memoria.
520 1976 636 2036 Etenim
656 1978 750 2037 uxoris

76 2077 191 2140 quoque
213 2057 362 2118 consilium
382 2057 590 2138 adsumpserat,
613 2057 750 2116 muliebre

77 2159 110 2196 ac
122 2138 272 2198 deterius:
294 2139 397 2220 quippe
418 2139 490 2198 ultro
507 2155 613 2196 metum
632 2139 752 2198 intenta·

78 2219 141 2290 bat,
160 2220 308 2296 multosque
321 2221 457 2302 adstitisse
470 2218 581 2277 libertos
594 2239 627 2276 ac
635 2239 752 2290 seruos,

77 2302 123 2378 qui
132 2303 226 2360 eadem
237 2301 359 2364 viderint
375 2325 385 2359 :
404 2299 479 2358 nihil
488 2299 658 2376 profluumm
671 2301 753 2358 sotius

77 2382 218 2440 silentium
234 2405 245 2439 .·
261 2401 291 2440 ar
301 2383 415 2458 prumia
424 2401 509 2456 penes
523 2401 605 2443 ursum
613 2379 677 2457 fhre
683 2425 694 2451 ,
705 2380 754 2459 qut·

79 2462 182 2521 indicio
191 2463 378 2538 prouenisset.

117 2543 186 2603 LV.
208 2542 320 2628 Igitur,
341 2541 432 2624 coepti
452 2542 539 2614 luce,
562 2539 700 2608 Milichus
721 2545 754 2604 in

81 2621 179 2684 hortos
198 2624 366 2685 Servilianos
385 2626 497 2708 pergit,
524 2633 657 2704 &quum
676 2619 752 2682 fori-

80 2705 128 2765 bus
154 2724 310 2777 arceretur,
343 2728 442 2786 magua
465 2702 491 2764 E?
516 2705 622 2764 atrocia
648 2705 754 2790 ¹odfirre

80 2786 230 2860 diuitum,
254 2787 441 2870 dedustusque
468 2785 505 2846 ab
529 2786 695 2867 janitoribus
713 2784 756 2849 ad
