2000 3684
255 349 296 418 52
376 326 413 397 C.
443 327 591 428 cortu,
623 279 808 404 TAcrri

250 445 369 508 fortuito
396 469 525 511 sermone
554 471 561 505 t
589 447 663 508 unde
691 451 734 508 vis
764 449 936 532 Agrippina

251 529 321 591 'citra
340 528 440 593 ultima
450 527 526 590 stetit
538 552 545 587 t
556 531 587 589 in
598 529 723 589 Lolliam
740 532 862 597 mittitur
882 537 936 599 tti-

252 609 343 676 bunus
354 657 364 680 ,
383 633 400 672 a
411 633 468 693 quo
479 610 516 670 ad
528 631 650 670 mortem
661 611 829 689 adigeretur.
841 613 937 674 Dam-

250 710 332 752 natus
345 699 371 757 &
383 691 445 776 lege
455 692 671 772 repetundarum
692 677 802 760 Cadius
817 693 936 768 Rufus,

251 774 446 838 accusantibus
464 769 604 854 Bithynis.
775 850 778 856 Ι

293 854 406 928 XXIII.
433 855 535 922 GaIIiae
567 855 771 927 Narbonensi,
790 853 830 914 ob
850 877 936 941 egre-

253 936 333 1020 giam
361 938 392 997 in
415 955 505 1018 patres
529 940 735 1008 reverentiam,
756 936 877 1009 danim,
902 958 936 1003 ut

251 1019 424 1084 terratoribut¹
449 1020 507 1100 ejus
527 1019 699 1092 provinciae,
719 1040 773 1078 non
792 1021 937 1098 exquisita

247 1101 388 1180 principis
398 1101 535 1168 sententid
546 1146 557 1171 ,
571 1101 655 1194 jure,
673 1122 724 1178 quo
735 1099 841 1159 Sicilia
852 1099 935 1160 habe.

254 1199 346 1252 retur,
366 1204 408 1242 res
428 1203 494 1240 suas
518 1179 639 1244 invasere
659 1181 761 1241 liceret.
785 1181 936 1263 Ituraeique

254 1269 283 1322 δι
297 1260 408 1334 Judaei,
430 1259 569 1328 defunffis
593 1263 726 1345 regibus,
742 1259 872 1337 Sohemo
895 1283 938 1322 at,

254 1362 311 1428 que
327 1341 472 1428 Agrippi,
493 1345 644 1424 provinciae
663 1344 750 1428 Syriae
767 1343 866 1404 additi.
881 1345 938 1405 Sa-

255 1423 322 1485 lutis
350 1427 499 1509 augurium
527 1427 653 1506 quinque
676 1435 704 1485 &
726 1426 832 1518 viginti
853 1427 938 1488 annis

255 1508 393 1567 omissum
410 1508 517 1587 repeti,
532 1528 565 1565 ac
581 1505 683 1566 deinde
695 1507 854 1567 continuari
867 1508 936 1587 pla-

254 1590 355 1657 titum.
376 1589 415 1649 Et
437 1589 595 1670 pomerium
615 1588 692 1647 urbis
714 1589 792 1648 auxit
814 1587 938 1664 Caesar,

207 1722 211 1734 ,
255 1690 337 1734 more
361 1672 471 1753 prisc03
494 1692 552 1751 quo
577 1671 633 1740 iis,
654 1669 704 1750 qui
725 1669 863 1748 protulere
879 1671 938 1730 im-

256 1754 391 1832 perium,
419 1755 506 1817 etiam
525 1752 660 1810 terminos
680 1750 757 1810 urbis
777 1772 938 1835 propagate

255 1831 347 1902 datur,
371 1832 434 1896 Nec
457 1853 554 1899 tamen
575 1831 659 1897 duces
674 1830 817 1903 Romani,
831 1854 938 1914 quaru-

256 1935 345 1998 quam
369 1915 481 1998 magnis
501 1914 665 1978 nationibus
683 1914 827 1985 subactis,
850 1936 936 1975 usur·

255 2015 412 2078 paverant,
428 1996 482 2063 nisi
494 1995 529 2055 L.
541 1996 637 2066 Sulla,
651 2004 678 2056 δι
691 1993 772 2060 divus
782 1994 937 2078 Augustus.

298 2076 411 2145 XXIV,
435 2077 546 2160 Pegum,
563 2079 594 2138 iu
609 2099 643 2138 eo
658 2077 795 2148 ambitio,
811 2077 858 2140 vel
870 2080 939 2161 glo-

256 2155 298 2240 ¹ria
322 2159 399 2227 vari&
416 2159 541 2243 vulgata.
560 2158 616 2223 Sed
635 2160 749 2218 initium
768 2158 938 2234 condendi,
996 2200 997 2225 t

257 2249 286 2305 &
317 2241 395 2323 quod
427 2242 586 2323 pomerium
615 2238 756 2306 Romulus
785 2243 939 2320 posuerit,

257 2344 372 2384 noscere
392 2321 469 2392 haud
487 2321 640 2386 absurdum
657 2321 753 2383 reor.I
776 2322 830 2384 'tur
841 2345 859 2381 a
871 2321 939 2384 foro

255 2403 361 2463 Boario
376 2451 388 2474 ,
406 2405 572 2470 ubi'aereum
589 2405 663 2469 tauri
681 2405 734 2467 sim
783 2423 864 2463 crum
878 2405 934 2466 ad-

212 2541 215 2548 ,
255 2487 409 2566 spirituus,
430 2487 496 2567 quia
514 2485 545 2554 id
564 2507 651 2569 genus
663 2485 831 2553 animalium
843 2507 938 2547 aratro

256 2565 401 2638 subditur,
419 2569 510 2632 sulcus
520 2565 689 2653 designandi
697 2565 797 2649 oppidi
806 2588 939 2648 coeptus,

257 2667 291 2720 ut
310 2669 446 2732 magnam
469 2649 599 2713 Herculis
615 2669 694 2710 aram
713 2649 939 2729 amplecieretur.

259 2727 329 2789 Inde
357 2732 437 2792 cenis
463 2732 559 2811 spatiis
581 2732 720 2810 interjeffl
739 2730 871 2812 lapides,
892 2753 940 2814 pet

260 2808 319 2876 ima
349 2814 455 2878 montis
485 2812 609 2878 Palatini
642 2811 680 2877 ad
709 2834 788 2878 atam
816 2812 939 2888 Consi,
