2000 3684
161 291 412 388 Arruntium
435 289 520 362 ltu.
545 287 647 364 XIV.
676 311 740 386 ¹45
837 292 840 300 '

62 417 148 483 t'ens,
163 414 225 474 sive
248 411 385 494 explenda
408 411 610 486 simulatione,
631 429 679 474 seu
699 433 747 495 pe·

12 508 14 513 ’
63 497 155 554 riturae
170 495 269 555 ma‘tris
286 514 429 574 supremus
447 494 616 574 adspeetus,
636 515 743 580 quam-

63 575 105 638 vis
122 574 213 635 ferum
231 575 360 635 animum
377 575 524 636 retinebat.

103 657 145 717 V.
163 657 290 718 Nodlem
303 655 437 720 sideribus
456 653 620 736 inlustrem,
636 663 664 718 δι
681 657 744 737 pla·

62 737 129 798 eido
153 738 225 798 mari
241 740 390 820 quietam,
415 739 496 818 quasi
518 739 745 800 convincendum

62 818 99 878 ad
112 819 234 890 scelus,
254 818 296 877 dii
311 819 458 900 praebuere.
475 820 539 878 Nec
553 819 671 879 multum
687 839 746 880 etat

62 921 210 982 progressa
234 901 333 970 navis,
354 900 467 959 duobus
487 921 503 958 e
525 919 644 960 numero
663 897 747 960 fami·
803 971 808 978 ¹

62 981 178 1042 liarium
195 981 386 1064 Agrippinam
399 981 622 1042 comitantibus:
636 1000 670 1042 tx
682 984 747 1062 quis

64 1060 233 1142 Crepereius
255 1061 358 1122 Gallus
378 1059 458 1120 baud
485 1063 584 1142 procul
605 1063 750 1146 guberna-

63 1145 135 1203 culis
160 1141 307 1213 adstabat,
338 1143 513 1213 Acerronia,
548 1163 629 1224 super
662 1143 749 1224 pedes

64 1225 219 1284 cubitantis
247 1224 377 1294 reclinis,
400 1225 595 1298 penitentiam
612 1225 695 1304 filii,
718 1219 753 1286 θ’

63 1308 250 1380 receperamus
261 1307 363 1379 mattis⁸
379 1306 519 1384 gratiam,
542 1325 591 1386 per
608 1305 747 1389 gaudium

65 1386 247 1446 memorabat
260 1408 266 1442 :
283 1407 372 1466 quum
383 1430 392 1455 ,
403 1386 471 1445 dato
484 1387 584 1470 signo,
599 1407 675 1446 ruere
689 1407 748 1448 tec-

64 1487 126 1528 tum
146 1468 224 1537 loci,
247 1469 338 1525 multo
359 1467 479 1546 plumbo
497 1487 606 1550 grave3
628 1489 750 1550 pressus·

64 1571 120 1631 que
139 1548 325 1628 Crepereius,
340 1555 367 1607 δι
384 1546 479 1608 statim
503 1550 679 1609 exanimatus
695 1549 745 1611 est.

63 1631 227 1715 Agrippina
252 1629 451 1688 &Acerronia
472 1629 661 1690 eminentibus
680 1630 749 1692 letti

63 1711 240 1792 parietibus,
256 1731 290 1768 ac
304 1709 376 1768 forti
389 1710 589 1783 validioribus,
609 1707 695 1794 quim
716 1729 750 1774 ut

64 1795 147 1852 oneri
172 1790 320 1862 cederent,
345 1793 476 1870 protedlae
499 1811 589 1852 sunt:
616 1813 668 1853 nec
691 1791 748 1855 dis·

64 1876 171 1934 solutio
192 1873 301 1953 navigii
318 1873 504 1952 sequebatur,
523 1873 640 1936 turbatis
654 1877 749 1936 omni·

64 1956 140 2026 bus,
160 1962 189 2014 &
204 1951 282 2034 qubd
303 1953 426 2036 plerique
445 1953 538 2036 ignati
558 1959 643 2018 etiam
666 1978 748 2018 cous·

64 2040 126 2096 e-ius
149 2033 352 2115 impediebant.
372 2033 477 2096 Visum
500 2033 603 2098 dehinc
628 2039 747 2134 remigi-

64 2118 119 2178 bus
130 2161 144 2188 ,
166 2138 248 2175 unum
273 2116 304 2174 itt
326 2116 401 2189 latus
425 2118 579 2189 inclinare,
605 2137 683 2196 atque
701 2139 748 2189 tta

64 2220 168 2264 navem
180 2197 353 2276 submergere.
369 2196 425 2257 Sed
438 2217 530 2278 neque
549 2199 614 2278 ipsis
629 2211 747 2343 proarpinp-

61 2300 109 2342 tus
135 2281 167 2339 in
193 2299 253 2337 rem
276 2277 397 2337 subitam
426 2299 593 2349 consensus,
621 2287 648 2339 δι
733 2325 745 2353 ,

63 2357 167 2422 contri
186 2362 321 2429 nitentes,
342 2359 442 2418 dedite
462 2359 625 2420 facultatem
646 2363 744 2422 lenio·
848 2429 854 2444 ι

61 2447 102 2504 tis
120 2445 152 2502 in
175 2462 253 2500 mate
272 2438 369 2519 jaetsu.
388 2439 497 2501 Verum
514 2444 667 2504 Acerronia
685 2447 745 2506 im-

62 2523 211 2607 prudens,
230 2521 301 2581 dum
320 2545 351 2580 st
373 2523 558 2601 Agrippinum
573 2547 649 2596 esse,
666 2543 754 2604 utque

62 2600 261 2668 subveniretur
274 2604 357 2662 matri
364 2606 500 2680 principis
517 2605 663 2678 clamitat,
675 2627 746 2667 con·

64 2690 100 2748 tis
119 2696 148 2748 δι
167 2686 271 2758 remis,
287 2693 315 2744 δι
333 2705 394 2764 quae
411 2684 468 2745 fors
486 2686 642 2759 obtulerat,
660 2709 746 2750 nava·

13 2825 14 2829 ,
63 2769 140 2829 libus
171 2767 255 2910 telipl
268 2760 423 2828 conficitur.
452 2767 611 2852 Agrippina
642 2771 759 2844 silens,·

113 2850 195 2910 Tem.
252 2891 261 2910 .
403 2868 406 2874 '
594 2850 623 2914 G
