2000 3684
176 306 427 382 Ammon
452 315 538 385 ω.
562 317 629 384 XI.
735 339 758 404 9

74 427 215 493 Gotarzis
229 433 360 513 pleraque
377 449 448 494 sxta
467 437 543 516 (qui
564 455 663 496 necem
678 432 760 496 Fratri

78 513 251 586 Artabano,
276 516 446 597 conjugique
468 537 502 576 ac
524 514 585 576 lilio
603 521 663 596 ejus
685 539 758 596 prae·

78 614 248 675 paraverat,
274 593 347 654 unde
375 615 465 655 metus
487 602 547 675 ejus
568 599 600 656 in
622 605 759 672 ceteros)

77 679 207 736 accivere
231 674 384 736 Bardonem
412 676 489 748 Ille,
513 697 545 737 ut
563 697 620 737 erat
647 697 695 738 ma
738 680 744 692 ⁸

77 759 157 816 ausis
177 775 342 836 promptus,
361 755 449 818 biduo
468 760 522 818 tria
542 759 633 818 millia
648 699 762 820 stiffi

75 857 145 896 rum
175 837 304 909 invadit,
338 839 525 920 ignarumque
547 849 575 900 δι
599 843 760 902 exterritum

79 919 232 980 Gotarzen
264 921 408 998 proturbat
436 943 442 976 ε
470 921 562 1002 ireque
586 925 731 988 cuntlatur
746 968 760 992 .

105 1001 155 1058 uin
174 1001 314 1079 proximas
333 998 508 1080 praefecturas
524 1003 676 1082 corripiat,
694 1005 762 1064 sol'ss

78 1021 294 1142 geleucensibus
310 1080 536 1145 dominationem
553 1087 611 1162 ejus
628 1083 759 1144 abnuen-

79 1162 159 1222 tibus
178 1186 184 1220 :
202 1165 234 1222 in
250 1183 344 1242 quos,
365 1183 396 1222 ut
412 1166 497 1244 patris
518 1166 560 1224 sui
576 1185 690 1245 quoque
709 1165 761 1226 de-

81 1241 229 1314 fectores,
250 1241 291 1302 ira
317 1245 427 1326 magis,
452 1242 539 1326 quim
560 1267 594 1304 er
612 1267 664 1306 usu
687 1267 760 1326 pre:-

81 1326 157 1385 senti
176 1345 324 1400 accensus,
345 1325 505 1404 implicatur
521 1327 670 1386 obsidione
687 1329 764 1390 urbis

82 1405 208 1476 valide,
247 1414 274 1466 δι
306 1407 489 1468 munimentis
517 1408 623 1486 objecti
647 1411 763 1482 amnis,

82 1507 226 1568 muroque
253 1495 280 1546 &
303 1489 507 1548 commeatibus
533 1487 657 1550 firmator.
684 1490 764 1550 lnte-

82 1571 140 1627 rim
160 1567 317 1638 Gotarzes,
338 1566 486 1629 Daharum
508 1569 764 1651 Hyrcanorumque

81 1651 189 1730 opibus
206 1653 320 1721 aulius,
344 1650 451 1710 bellum
474 1671 592 1710 renovat
611 1674 618 1709 ι
640 1655 766 1712 conclus-

85 1751 143 1812 que
170 1731 310 1792 Burdanes
332 1733 462 1792 omittere
486 1731 666 1805 Seleuciam,
686 1733 762 1794 Bec-

85 1813 193 1872 trianos
207 1811 281 1892 apud
292 1833 406 1892 campos
418 1811 504 1873 castra
515 1814 641 1874 contulit.

128 1893 183 1952 IX.
208 1893 315 1965 Tunc,
338 1891 471 1954 distractis
491 1894 617 1956 Orientis
638 1895 767 1968 viribus,

86 1983 115 2034 &
129 1973 259 2056 quonam
276 1976 442 2036 inclinarent
460 1977 587 2048 incertis,
605 1998 682 2036 casus
702 1977 766 2038 Mi·

88 2053 206 2116 thridati
229 2057 309 2117 datus
335 2055 374 2118 est
395 2057 554 2138 occupandi
576 2054 767 2132 Armeniam,

88 2139 116 2198 vi
137 2139 238 2198 militis
260 2139 386 2200 Romani
404 2137 441 2198 ad
460 2138 613 2198 excidenda
631 2137 765 2198 castello-

87 2239 150 2278 rum
172 2219 275 2292 atdua‚
297 2220 381 2280 simul
403 2219 485 2280 lbero
509 2222 629 2280 exercitu
652 2240 769 2300 campos

87 2301 266 2380 persultante.
288 2301 350 2360 Nec
374 2301 450 2360 enim
474 2299 593 2360 restitere
613 2302 768 2372 Armenii,

87 2379 168 2454 fuso,
186 2384 237 2464 qui
252 2382 382 2464 proelium
396 2403 478 2442 ausus
495 2400 569 2453 erat,
586 2383 768 2443 Demonacte

89 2463 232 2542 praefesto.
271 2463 430 2524 Paullulum
461 2465 647 2524 concretionis
674 2466 769 2524 attulit

87 2564 133 2606 rex
155 2547 276 2606 minoris
298 2546 439 2604 Armeniae
464 2544 573 2625 Cotys,
596 2547 680 2605 versis
702 2547 769 2606 illuc

89 2627 260 2705 quibusdam
287 2647 431 2706 procerum
449 2649 459 2698 3
487 2626 553 2686 dein
575 2627 682 2686 litteris
696 2627 767 2687 Cae-

90 2709 157 2766 suris
182 2709 340 2776 coercitus,
356 2717 396 2768 .&
414 2711 514 2767 euntia
534 2709 565 2768 in
580 2705 771 2778 Mithridaten

87 2789 214 2868 fluxere,
242 2791 430 2864 atrociorem,
461 2787 549 2873 quim
571 2812 651 2851 novo
680 2811 771 2874 tegno
797 2855 800 2861 ,

573 2871 645 2933 Au
