2000 3684
228 335 648 408 GERMAN'JA.
712 347 791 432 307'

124 459 128 468 ’
145 457 243 519 ΧΧΧ.
259 458 344 520 Ultra
356 455 408 517 hos
424 457 507 518 Catti
522 458 634 518 initium
652 457 724 518 sedis
742 459 781 520 ab

23 556 44 595 ·.
102 539 251 621 Hercynio
274 539 347 599 saltu
367 536 523 609 inchoant,
547 559 605 598 non
626 541 665 602 ita
688 537 781 604 effusis

103 643 139 681 ac
162 619 328 702 palustribus
355 619 444 700 iocis,
465 638 496 679 ut
517 638 610 680 ceterae
633 621 782 698 civitates,

103 695 136 763 in
154 723 227 784 quas
245 703 402 763 Germania
418 701 534 782 patescit
554 724 560 758 ι
581 700 680 762 durant
696 706 781 785 siqui·
838 727 841 732 ·

103 785 172 844 dem
201 784 305 857 colles,
332 784 536 864 paullatimque
561 801 727 843 rarescunt:
754 795 782 846 &

102 867 210 927 Cattos
233 887 298 926 suos
321 865 405 924 saltus
426 865 585 946 Hercynius
609 869 783 948 prosequitur

103 948 295 1027 simulatque
323 945 456 1026 deponin·
472 947 596 1006 Duriora
618 949 696 1030 genti
719 969 783 1006 cor-

104 1049 195 1110 pora,
213 1027 299 1087 stricti
320 1046 410 1098 attus,
429 1029 527 1088 minax
539 1028 653 1098 vultus,
671 1037 701 1108 &¹
720 1049 783 1089 ma-

102 1115 150 1191 Jot
168 1111 258 1170 animi
273 1111 366 1191 vigor.
387 1109 541 1180 Multum(
566 1127 596 1168 ut
618 1110 689 1168 inter
708 1109 783 1170 Get-

103 1199 232 1266 manoe)
256 1192 372 1251 rationis
393 1212 426 1250 ac
452 1191 597 1250 solertiae:
623 1209 782 1272 ptaeponete

103 1275 233 1342 eleetos,
259 1272 354 1332 audire
381 1273 564 1354 prepositos,
590 1293 670 1332 nosse
698 1273 780 1333 ordi-

100 1374 172 1436 nes,
203 1355 358 1438 intelligere
384 1356 563 1428 occasiones,
592 1349 702 1414 differte
726 1356 783 1414 im·
845 1383 848 1390 ⁴

101 1456 205 1518 petus,
229 1435 493 1516 disponere-diem,
521 1433 626 1496 vallare
646 1439 781 1508 nostem,

103 1517 250 1580 fortunam
263 1520 335 1577 inter
349 1517 455 1590 dubia,
470 1517 602 1588 virtutem
620 1517 692 1576 inter
708 1537 782 1578 certa

103 1619 251 1660 numerate
272 1622 280 1656 t
298 1598 432 1682 quodque
446 1599 636 1668 rarissimum,
656 1617 707 1657 nec
728 1599 783 1659 nisi

105 1683 217 1740 tatione
238 1680 392 1762 disciplina:
413 1701 599 1750 concessum,
626 1679 686 1758 plus
704 1700 783 1760 repo·

103 1783 170 1823 nere
185 1764 216 1822 in
233 1761 320 1833 duee,
333 1761 460 1844 quintin
478 1763 606 1822 exercitu.
620 1759 718 1821 Omne
734 1783 783 1820 to-

103 1844 159 1903 but
178 1845 209 1904 in
229 1843 343 1924 pedire,
364 1865 450 1926 quem
469 1864 550 1922 super
569 1863 669 1913 arma,
689 1839 780 1903 ferra-

103 1927 209 1987 mentis
237 1947 351 2007 quoque
381 1936 408 1987 δι
436 1927 526 2007 copiis
548 1941 675 1984 onerant.
699 1924 782 1987 Alios

83 2007 145 2084 ,ad
174 2008 302 2088 proelium
326 2009 365 2065 ire
388 2007 504 2079 videas,
529 2005 632 2090 Cattos
656 2005 693 2068 ad
721 2005 783 2068 bel-

104 2090 167 2149 lum
196 2112 203 2146 ι
233 2091 288 2148 rari
316 2109 442 2150 excursus
470 2099 498 2150 δι
529 2087 645 2148 fortuita
676 2107 781 2172 pugna.

104 2167 285 2251 Equestrium
301 2171 486 2231 sane'virium
503 2168 532 2228 id
549 2167 782 2248 proptiun1,citt')

105 2271 202 2333 parate
224 2255 396 2323 victoriam,
425 2249 483 2310 εἰτὸ
507 2248 611 2318 cedere.
637 2249 783 2310 Velocitas

104 2337 184 2412 juxta
205 2331 407 2402 formidinem,
425 2333 567 2393 cunctatio
585 2332 699 2412 propior
718 2351 785 2395 con·

105 2412 214 2473 stantiae
235 2413 283 2475 est

148 2494 261 2557 XXXI.
284 2496 324 2556 Et
346 2497 408 2556 aliis
433 2497 642 2558 Germanorum
672 2495 783 2575 populis

106 2594 269 2656 usurpatum
287 2575 348 2637 rard
367 2587 394 2638 &
413 2577 521 2658 privati
533 2582 662 2658 cujusque
676 2575 783 2638 auden-

105 2655 170 2728 tii,-
189 2658 264 2738 apod
284 2659 386 2720 Cattos
404 2661 434 2719 in
450 2679 616 2720 consensum
634 2659 732 2729 vertit,
752 2670 784 2718 ut'

104 2741 229 2820 primdm
270 2740 473 2810 adoleverint,
508 2743 612 2802 crinem
651 2738 783 2799 barbam-

105 2841 162 2903 que
181 2820 371 2897 summittere,
389 2843 457 2898 nec,
471 2824 527 2884 nisi
541 2821 619 2884 hoste
632 2843 720 2894 caeso,
739 2841 783 2881 ex·
