2000 3684
154 290 422 362 'ANNALIUM
448 296 531 366 lto.
560 297 642 369 XV.
682 329 747 404 2¹5
794 385 807 396 ,

51 411 212 473 laboribus
232 415 406 486 exercitum,
426 417 455 475 in
477 418 643 484 Armeniam
661 426 748 491 ducit.

53 493 244 575 Addiditque
274 496 418 578 legionem
443 501 592 579 quintam,
617 529 680 589 quae
700 527 750 591 pet

54 577 194 636 Pontum
217 597 326 658 agtus,
348 597 442 658 expers
462 582 550 643 cladis
572 585 683 661 fuerat,
702 593 747 651 si-

55 657 128 716 mul
153 657 443 738 quintadecimanos,
467 665 563 724 recens
594 668 749 746 adducios,

56 748 91 800 &
103 739 211 799 vexilla
222 739 394 800 delestotum
405 761 437 800 ex
448 741 749 834 Illyrico&AEgypto,

58 819 205 901 quodque
222 821 330 880 alarum
346 820 583 910 cohortiumque,
600 837 628 890 &
646 835 750 896 auxilia

58 922 170 984 regum
201 903 230 960 iu
262 923 349 961 uuum
381 905 521 967 condutia
549 911 624 989 apud
656 913 748 974 Meli-

59 1002 178 1054 tenen,
207 983 263 1064 qui
295 987 480 1045 transmittere
512 989 674 1071 Euphraten
699 1019 752 1078 pa-

59 1065 161 1124 rabat.
186 1063 265 1123 Tum
294 1064 438 1128 lustratum
466 1071 518 1128 rite
540 1076 689 1136 exercitum
714 1077 752 1138 ad

59 1147 243 1205 concionem
273 1166 378 1220 vocat,
410 1149 571 1233 orditurque
598 1157 751 1241 magnifica

61 1232 99 1288 de
113 1228 251 1302 auspiciis
264 1229 468 1302 imperatoriis,
484 1233 610 1312 rebusqite
620 1261 638 1296 a
647 1263 750 1320 seges·

62 1312 131 1378 ris,
152 1307 268 1368 adversa
286 1312 317 1368 in
337 1312 477 1372 inscitiam
495 1315 568 1374 Pati
584 1317 752 1383 declinante

63 1389 162 1450 multi
191 1392 379 1463 audieritate,
400 1413 462 1474 quae
483 1397 545 1456 viro
566 1401 682 1461 militari
700 1425 752 1484 pto

63 1471 206 1532 facundia
231 1491 297 1532 erat.

110 1553 243 1614 XXVII.
269 1553 342 1613 Mox
366 1556 439 1627 iter,
461 1558 494 1617 L.
516 1559 635 1624 Lucullo
652 1584 751 1643 quon-

65 1635 140 1696 dam
173 1653 365 1715 penetratum,
393 1641 515 1718 apertis,
545 1661 607 1720 quae
634 1644 754 1706 vetustas

65 1718 256 1798 obrepserat,
280 1719 378 1800 pergit.
399 1719 437 1779 Et
453 1723 596 1782 venientes
618 1724 754 1788 Tiridatis

66 1799 285 1880 Vologesisque
314 1798 348 1856 de
372 1819 440 1878 pace
464 1802 573 1885 legatos
596 1802 671 1866 haud
702 1809 755 1869 ad-

68 1897 239 1960 spernatus,
264 1879 393 1962 adjungit
409 1882 443 1942 iis
465 1887 662 1960 tenturiones,
686 1911 753 1952 cum

69 1960 219 2021 mandatis
236 1981 294 2020 non
310 1963 466 2023 immitibus
480 1990 490 2024 .·
502 1965 569 2026 Non
584 1971 656 2028 erim
666 1973 754 2033 adhuc

70 2044 103 2102 ed
120 2060 253 2110 ventum,
263 2061 292 2100 ut
303 2046 448 2104 certamine
459 2067 577 2107 extremo
589 2073 654 2124 opus
669 2073 751 2114 esset.

70 2124 175 2183 Malta
190 2123 326 2182 Romanis
340 2131 456 2187 secunda
468 2173 478 2200 ,
500 2135 618 2206 quadam
636 2133 754 2194 Parthis

70 2207 225 2274 evenisse,
246 2209 400 2264 documento
416 2211 547 2270 adversus
566 2211 719 2285 superbiam
743 2239 754 2275 r

66 2289 191 2363 proinde
220 2283 247 2345 δ’
281 2287 403 2346 Tiridati
427 2293 593 2361 conducere,
625 2295 755 2355 insatiam

73 2367 279 2450 vastationibus
300 2389 407 2447 regnum
425 2373 493 2430 dotto
508 2373 625 2446 accipere
632 2397 646 2447 ,·
666 2373 755 2438 &vo-

74 2453 187 2530 logesen
197 2449 294 2509 melitis
302 2451 577 2523 socictateRamand,
587 2453 666 2533 quiem
676 2461 754 2518 dam·

74 2535 125 2591 nis
139 2534 263 2601 mutuis,
283 2533 359 2610 genti
376 2532 541 2593 Parthorum
561 2539 753 2601 consultarem.

74 2613 178 2682 Scire,
196 2631 325 2689 quantum
344 2613 419 2672 intas
438 2616 651 2688 discordiarum,
665 2620 755 2696 quiim-

75 2717 126 2772 que
138 2695 291 2753 indomitas
305 2691 331 2753 ἃ
341 2703 496 2772 praferoces
509 2699 635 2758 nationes
645 2723 753 2780 regeret.

82 2774 757 2858 contreimperatoriaeimmramubiquepeeem,
