2000 3684
112 316 114 320 ⁷
203 296 226 354 6
332 287 786 362 cenanAcnnn

197 407 337 488 objecia,
354 428 491 486 tamquam
500 410 622 472 vidisset
645 411 809 485 Claudium
823 411 887 484 spi·

196 492 248 555 aeci
260 492 358 550 corone
371 492 525 561 eviniiam,
538 493 626 567 spicis
636 512 707 552 retro
717 495 856 552 conversis
870 517 882 552 .·

201 573 283 648 eique
303 573 423 652 imagine
438 575 607 652 grauitatem
622 596 736 634 annona
747 575 879 634 dixisset.

167 711 171 718 ,
202 653 331 728 Quidam
346 656 521 730 pampineam
535 677 661 714 coronam
673 655 825 714 albentibus
829 656 881 733 fh

201 736 253 795 liis
271 737 384 807 uisam,
408 755 485 814 atque
501 738 544 795 ita
561 737 767 810 interpretatam
788 736 880 796 tradi-

196 815 290 886 ¹dere,
314 836 439 897 vergente
464 837 593 876 autumno
615 836 726 877 martem
742 819 885 893 principis

202 899 313 978 ostendi
329 899 403 959 iilud
416 897 492 958 haud
502 900 671 982 ambigitur
680 900 881 993 qualicumque

203 981 349 1040 insomnio
375 982 426 1060 ipsi
458 980 593 1062 fratrique
621 983 774 1074 perniciem
804 982 879 1040 alla-

202 1079 272 1120 tam.
297 1061 456 1122 Sestertium
488 1061 671 1142 quindecies,
702 1071 729 1122 &
758 1064 881 1145 insignia

202 1162 324 1222 puaeturae
344 1142 477 1222 Crispino
504 1143 622 1203 decreta
649 1143 706 1223 Adj
709 1146 764 1202 ecit
785 1139 882 1202 Vitel

199 1225 257 1284 lius
277 1222 429 1284 sestertium
448 1224 540 1285 decies
558 1167 706 1296 Sosibio3l
724 1225 797 1302 quid
814 1226 881 1284 Bri-

202 1307 344 1365 tannicum
358 1307 522 1381 praecptis,
541 1307 682 1368 Claudium
694 1307 849 1365 consiliis
832 1328 881 1386 Ju-

202 1405 291 1450 varet
306 1388 434 1482 Rogatus
445 1389 612 1447 sententiam
624 1398 650 1448 &
663 1389 775 1467 Scipio:
790 1387 884 1467 Quam

202 1468 294 1538 idem,
309 1470 416 1550 inquit,
428 1471 460 1528 de
471 1471 604 1528 admissis
614 1470 735 1543 Poppae
745 1470 886 1539 sentiam,

202 1553 276 1627 quod
293 1573 384 1610 amnes
395 1597 407 1620 ,
416 1569 511 1624 putate
533 1569 576 1610 me
595 1552 666 1609 idem
684 1551 794 1620 dicere
813 1553 887 1627 qaod

200 1654 315 1702 amnes,
334 1631 457 1714 eleganti
481 1649 702 1712 temperamento
720 1631 791 1690 inter
812 1652 884 1690 con-

195 1714 329 1794 jugalem
351 1734 500 1783 amorem,
517 1722 554 1773 &
573 1713 741 1773 senatoriam
763 1715 885 1773 necessi-

203 1813 301 1854 tatem

246 1877 285 1934 V.
305 1875 468 1936 Continuus
488 1876 599 1935 inde&
617 1897 703 1935 saevus
722 1875 887 1937 accusandis

203 1959 257 2017 reis
271 1958 390 2029 Suiiius‚
401 1959 540 2038 multique
557 1957 716 2023 audacia:
693 1979 750 2036 ejus
764 1958 882 2018 aemufi':

205 2061 273 2098 nam
288 2043 388 2098 cundia
401 2041 497 2133 legum
513 2049 541 2099 &
558 2036 769 2121 magistratuum
786 2041 886 2100 munia

203 2123 236 2182 in
250 2142 277 2180 se
291 2119 403 2180 trahens
416 2123 560 2202 princeps,
580 2123 728 2179 materiam
743 2120 888 2200 predandi

204 2201 404 2284 patefecerat·
422 2223 472 2261 nec
497 2201 654 2299 quidquam
671 2203 787 2282 publica
806 2223 885 2261 met-

205 2287 245 2343 cis
268 2304 327 2344 tam
347 2284 447 2344 venale
470 2283 548 2354 fuit,
572 2305 658 2365 quam
683 2283 888 2343 advocatorum

205 2363 351 2446 perfidia:
374 2365 446 2425 adeo
471 2385 502 2424 ιιι
519 2367 673 2434 Samius,
665 2367 785 2447 insignis
804 2386 888 2446 eques

206 2448 372 2524 Romanus,
393 2447 606 2530 quadringentis
620 2467 802 2548 nummorum
820 2447 889 2506 mil-

208 2519 281 2588 libus
302 2530 392 2590 Suilio
417 2529 505 2599 datis,
528 2537 556 2588 δι
580 2526 695 2624 cognita
719 2530 887 2607 pravarica-

208 2613 315 2681 tione,
349 2610 460 2670 ferro
453 2633 482 2670 ιιι
504 2609 594 2668 domo
622 2615 683 2688 ejus
720 2611 889 2670 incubuerit.

208 2692 318 2774 igitur,
336 2691 545 2776 incipienteC.
562 2691 654 2760 Silio,
680 2692 793 2750 consule
813 2689 892 2748 desi-

207 2783 325 2858 gnato,
354 2779 431 2855 cujus
462 2773 497 2834 de
528 2775 655 2856 potentia
688 2783 716 2835 δι
742 2773 828 2834 exitio
856 2773 891 2833 in
