2000 3684
245 327 310 413 358
364 323 402 392 C.
430 323 581 392 coru.
612 321 813 390 Trcrrr

239 443 325 504 latere
346 442 496 502 Britanni:
512 441 586 500 letto
605 442 688 500 omni
705 442 835 502 redierat.

279 522 423 583 XXXIX.
443 523 530 582 Hunc
545 543 637 581 rerum
652 543 781 593 cursum,·
808 545 915 605 quam-

239 625 326 686 quam
356 602 432 664 nulli
456 603 606 664 verborum
635 602 769 681 jadiantii
791 605 917 685 epistolis

238 685 380 768 Agricolz
408 688 546 755 auitum,
576 703 607 744 ut
630 686 803 744 Domitiano
831 690 916 748 moris

237 786 322 837 erat,
346 765 439 826 fronte
459 767 555 836 latus,
579 769 689 846 pedime
708 768 808 826 anxius
829 789 913 827 exce·

237 849 288 928 pit.
308 849 403 907 Inerat
420 849 611 918 conscientia,
630 847 731 907 derisui
753 846 841 908 fuisse
864 873 916 910 nu·

237 948 287 1010 pet
304 931 408 990 falsum
428 949 444 986 e
462 929 618 989 Germania
636 926 835 1010 triumphum,
858 953 915 991 em·

213 1012 294 1090 ,ptis
316 1031 365 1092 per
384 1013 576 1082 commercia,
600 1031 721 1091 quorum
746 1007 862 1070 habitus
887 1023 914 1074 δι

236 1094 326 1152 crines
355 1095 386 1151 in
409 1094 585 1172 captivorum
615 1094 735 1172 speciem
754 1091 913 1154 formaren-

235 1190 282 1230 tur
301 1197 308 1230 :
327 1192 358 1232 at
380 1195 456 1233 nunc
476 1195 573 1234 veram
597 1193 790 1256 magnamque
815 1177 911 1234 viiio·

236 1255 309 1312 riam
321 1301 333 1324 ‚
351 1273 397 1312 tot
411 1254 537 1314 millibus
555 1253 679 1312 hostium
696 1257 788 1324 caesis,
803 1257 913 1338 ingenti

235 1333 316 1394 fama
337 1335 477 1394 celebrari.
499 1334 534 1394 Id
554 1337 610 1395 sibi
629 1337 755 1396 maxime
773 1336 914 1396 formido·

234 1416 348 1487 loram,
366 1419 466 1496 privati
480 1415 605 1475 hominis
616 1437 723 1476 nomen
735 1436 818 1498 supra
836 1421 914 1496 prin-

236 1499 306 1578 cipis
318 1499 428 1557 attolli:
443 1497 541 1557 frustm
553 1495 643 1558 studia
655 1497 728 1569 fori,
741 1507 768 1558 δι
783 1499 913 1561 civilium

234 1581 339 1638 arrium
358 1580 440 1639 decus
457 1582 487 1638 in
506 1581 647 1639 silentium
666 1583 746 1650 aera,
766 1583 788 1640 si
803 1583 913 1642 milita⁴

233 1681 295 1719 rem
321 1662 442 1744 gloriam
469 1661 539 1720 alius
567 1681 715 1740 occuparet
738 1685 746 1720 τ
771 1671 799 1722 &
822 1683 912 1725 cetera

234 1758 388 1823 utrumque
406 1742 515 1802 faciiiris
535 1742 723 1812 dissimulari,
741 1743 821 1806 ducis
843 1744 913 1805 boni

234 1824 445 1902 imperatoriam
464 1826 596 1882 virtutem
614 1843 680 1884 esse.
700 1823 823 1886 Talibus
841 1829 912 1887 curis

233 1906 389 1974 exercitus,
411 1904 545 1985 quodque
563 1926 642 1964 saevae
663 1908 847 1988 cogitationis
866 1910 912 1967 in-

194 2015 208 2029 *
235 1985 341 2044 dicium
360 2004 439 2055 erat,
462 2005 571 2044 secreto
594 2007 644 2046 suo
665 1989 803 2058 satiatus,
829 1990 908 2067 opti-

234 2086 315 2124 mum
328 2067 358 2124 in
371 2069 514 2145 prasentia
534 2065 628 2127 statuit
643 2089 775 2146 reponere
792 2070 909 2142 odium,

234 2148 326 2208 donec
353 2148 474 2228 impetus
505 2147 589 2208 fama
618 2157 646 2208 δε
671 2149 751 2208 favor
774 2149 909 2210 exercitiis

235 2232 424 2313 languesceret
451 2254 458 2287 :
482 2252 549 2289 narn
573 2232 659 2290 etiam
685 2250 745 2290 tum
773 2233 910 2316 Agricola

233 2312 408 2370 Britanniam
421 2311 577 2371 obtinebat.

276 2393 339 2452 XL.
365 2393 455 2475 Igitur
471 2391 649 2468 triumphalia
672 2412 855 2466 ornamenta,
882 2393 908 2454 ἃ

232 2476 355 2556 inlustris
371 2477 466 2556 statua
488 2475 639 2544 honorem,
667 2473 840 2552 &quidquid
859 2499 909 2548 pro

233 2556 369 2638 triumpho
393 2559 492 2626 datur,
515 2557 605 2615 multo
626 2556 776 2616 verborum
799 2554 908 2616 honore

235 2638 396 2708 cumulata,
409 2639 515 2696 decerni
530 2639 560 2696 in
581 2655 677 2694 senatu
694 2638 772 2716 jubet
794 2660 805 2694 .·
832 2640 908 2696 addi·

232 2739 284 2793 que
296 2721 406 2792 insuper
422 2721 590 2792 opinionem,
605 2717 718 2797 Syriam
731 2720 907 2792 provinciam

234 2798 371 2878 Agricola
400 2801 529 2880 destinari
543 2847 555 2871 ,
587 2821 702 2862 vacuam
734 2819 792 2859 tam
824 2803 906 2858 moia
