2000 3684
145 287 396 365 ArrrtArrurr
420 298 507 370 lto.
530 301 613 372 XV.
663 323 733 395 239

47 415 240 495 congruentia
260 416 477 497 responderant:
499 420 645 504 inditaque
662 427 732 486 vin-

50 495 109 552 cla.
132 493 171 554 Et
189 513 395 558 tormentorum
412 500 573 582 adspectum
588 527 622 564 ac
640 508 734 570 minas

49 597 116 634 non
143 577 238 638 tulere.
261 579 341 638 Prior
362 599 457 642 tamen
484 583 616 657 Natalis,
646 591 734 652 totius

51 659 259 733 conjurationis
272 662 363 738 magis
376 683 492 745 gnomis,
505 666 589 727 simul
598 671 734 749 arguendi

51 739 198 816 peritior,
231 743 263 801 dc
299 741 404 803 Pisone
437 743 560 824 primtim
595 747 697 810 fatetur
723 775 732 810 ι

52 817 159 876 deinde
181 819 278 899 adjicit
293 822 429 883 Auernum
448 825 595 898 Senecam,
613 830 671 888 eive
691 834 736 892 in·

55 901 217 960 ternuncius
233 903 305 962 inter
316 925 380 964 eum
392 906 579 989 Pisonemque
591 908 662 979 fuit,
675 914 735 972 sive

55 1000 86 1038 ut
106 981 229 1041 Neronis
253 988 374 1067 gratiam
393 1009 521 1067 pararet,
539 993 590 1071 qui
610 990 736 1056 infensus

56 1063 199 1136 Seneca,
227 1086 325 1127 omnes
353 1067 389 1126 ad
420 1090 483 1128 eum
517 1074 734 1152 opprimendum

56 1162 130 1203 artes
154 1148 345 1226 conquirebat.
365 1148 460 1222 Turn,
483 1156 600 1236 cognito
622 1155 735 1218 Natalis

57 1223 189 1296 indicio,
207 1227 339 1290 Scevinus
363 1253 495 1313 quoque,
518 1237 577 1311 pari
598 1236 735 1298 imbecil-

58 1306 155 1377 litate,
177 1329 214 1366 an
236 1314 334 1370 cundia
360 1318 419 1391 jam
440 1313 578 1392 patefadia
599 1318 733 1392 credens,

59 1409 110 1446 nec
134 1387 224 1446 ullum
252 1392 353 1452 silentii
378 1395 621 1468 emolumentum,
646 1401 737 1460 edidit

60 1488 167 1528 ceteros
189 1493 195 1530 ι
220 1491 252 1530 ex
282 1475 381 1554 quibus
409 1476 554 1548 Lucanus,
577 1480 733 1555 Quindiia-

59 1571 187 1631 itusque,
217 1560 244 1612 &
271 1554 388 1614 Senecio
416 1557 465 1616 diu
491 1559 621 1618 abnuere.
647 1560 737 1632 Post,

61 1631 199 1710 promissi
219 1634 384 1714 impunitate
405 1639 548 1717 corrupti,
566 1638 624 1718 quit
643 1643 735 1701 tardi-

62 1730 149 1772 tatem
171 1735 348 1788 excusarent‚
375 1720 505 1778 Lucanus
528 1719 651 1780 Atillom
676 1747 737 1783 mo·

63 1812 129 1854 trem
140 1817 238 1866 suam,
257 1799 445 1875 Quinstianus
461 1801 584 1864 Glier'ttm
603 1803 736 1877 Gallum,

64 1875 182 1944 ‚Senecio
214 1876 338 1938 Annium
368 1881 553 1953 Pollionem,
578 1885 737 1947 amicorum

64 1960 236 2036 precipuos,
259 1963 449 2024 nominavere.

68 2099 70 2105 ,
102 2040 198 2100 Lv-H.
217 2041 311 2122 Atque
330 2044 440 2102 interim
462 2043 560 2115 Nero,
579 2046 756 2110 recordatus.

66 2117 180 2181 Volusii
192 2121 302 2188 Proculi
315 2125 421 2184 indicio
438 2121 591 2203 Epicharin
605 2130 736 2201 attineri,

66 2220 192 2282 ratusque
220 2205 353 2264 muiiebre
382 2225 480 2283 corpus
509 2208 600 2282 impar
623 2207 739 2281 dolori,

66 2285 207 2345 tormentis
236 2287 384 2347 dilacerari
406 2285 493 2365 jubet.
520 2286 659 2346 Atilium
678 2311 738 2350 non

67 2366 200 2436 verbera,
222 2389 281 2426 non
304 2369 408 2451 ignes,
437 2389 497 2426 non
521 2369 564 2426 ire
589 2365 624 2426 εὸ
650 2370 739 2431 aetitia

29 2437 31 2441 ¹
69 2447 276 2528 torquentium,
304 2471 377 2508 nea
401 2447 507 2508 femina
529 2469 737 2527 spernerentur,

70 2531 226 2605 pervicere,
276 2531 324 2589 uin
356 2530 467 2608 obieeta
498 2529 656 2612 denegaret.
690 2535 739 2595 Sic

71 2610 172 2685 primus
192 2551 350 2690 quaeiiionis
375 2611 433 2673 dies
454 2625 638 2690 contemptus.
662 2613 737 2672 Pos-

71 2707 124 2750 tero
153 2712 241 2772 quum
266 2691 303 2751 ad
323 2693 437 2752 eosdem
461 2694 595 2761 cruciatus
617 2692 741 2753 retrrhe,

70 2789 139 2834 retur
175 2771 328 2854 gestamine
346 2775 474 2856 :sellaei
503 2795 573 2836 nam
601 2774 739 2840 dionunt
