2000 3684
212 290 754 384 Gruururm3u

78 433 168 474 manu
180 397 290 496 agitu'r,
306 408 445 471 modestia
460 433 493 472 ac
505 411 629 492 probitas
641 418 761 477 nomina

77 495 228 574 superioris
250 512 322 553 sunt.
339 493 383 553 Ita
404 494 455 574 qui
471 495 544 553 olim
563 494 627 556 boni
643 498 762 575 aequique

82 575 212 638 Cherusci
223 599 239 645 ,·
251 596 326 634 nunc
342 577 443 634 inertes
459 597 491 634 ac
500 576 581 656 stulti
594 597 730 638 vocantu:
749 600 759 638 ι

79 657 177 718 Cattis
188 657 343 716 vistoribus
356 654 468 715 fortuna
478 657 509 715 in
521 658 687 736 sapientiam
700 680 761 734 ces·

79 740 125 798 sir.
139 737 239 798 Traffi
247 734 328 796 ruini
338 734 547 798 Cheruscorum
558 746 585 798 δι
598 739 680 812 Fosi,
695 762 763 802 con·

81 820 203 880 termina
217 840 304 902 gens,
324 817 502 878 adversarum
516 839 606 878 rerum
626 841 661 880 ex
679 843 761 906 aquo

81 903 171 970 socii,
212 922 280 960 uum
297 901 330 958 in
345 900 473 959 secundis
491 901 614 960 minores
635 901 762 964 fuissent.

124 981 192 1041 XX
232 981 312 1040 VII.
334 981 478 1040 Eumdern
496 982 657 1044 Germaniae
677 986 764 1045 situm
820 1029 823 1036 .

81 1064 209 1145 proximi
238 1063 359 1122 Oceano
388 1063 504 1125 Cimbri
532 1082 649 1135 tenent,
677 1082 764 1145 parva

81 1167 162 1210 nunc
182 1146 302 1215 civitas,
325 1143 373 1203 sed
413 1142 485 1206 lorii
504 1145 603 1228 ingens
622 1169 629 1203 r
648 1150 764 1208 veterir-

83 1247 142 1307 que
167 1225 249 1286 famae
272 1225 328 1285 latb
347 1165 465 1309 veAEgia
482 1245 623 1296 manent,
646 1227 763 1310 utraque

83 1307 149 1388 ripai
175 1305 284 1376 castra,
310 1328 343 1368 ac
374 1326 482 1387 spana,
509 1329 629 1389 quorum
653 1311 764 1374 ambitu

83 1411 163 1451 nunc
187 1409 301 1470 quoque
328 1391 452 1448 metiaris
479 1390 586 1454 molem
609 1411 766 1472 manusque

108 1472 201 1542 entis,
227 1479 255 1530 &
287 1489 345 1529 tarn
378 1472 478 1553 magni
507 1469 640 1530 exercitus
666 1469 764 1536 fidem.

85 1492 327 1614 {ercammarum
348 1560 375 1611 &
395 1552 642 1635 quadragesimum
659 1575 767 1614 annum

86 1635 156 1696 urbs
175 1632 267 1694 nostra
283 1634 404 1717 agebat,
426 1655 515 1714 quum
540 1631 661 1712 primdm
683 1634 768 1696 Cinn-

89 1716 207 1776 brorum
219 1715 314 1776 audita
331 1733 395 1774 sunt
408 1736 502 1786 arma,
517 1714 637 1776 Caecilio
647 1715 768 1778 Metello

88 1818 126 1860 ac
151 1799 264 1877 Papirio
288 1796 424 1858 Carbone
446 1818 515 1856 coss.
537 1795 581 1856 Ex
608 1818 666 1878 quo
685 1798 710 1858 si
732 1795 769 1863 ad

7 1918 10 1920 v
89 1878 211 1942 alterum
240 1879 414 1959 imperatoris
442 1877 561 1956 Trajani
592 1879 770 1940 consulatum

92 1980 317 2042 computemus,
350 1959 462 2019 ducenti
493 1959 580 2020 ferme
614 1969 641 2021 δι
670 1959 769 2022 decem
844 1980 845 1984 ’

88 2063 164 2103 anm
181 2043 358 2126 colliguntur.
374 2040 501 2104 Tamdiu
516 2041 670 2102 Germania
682 2045 770 2104 vinci·

21 2167 24 2170 ⁴
93 2143 149 2184 tur.
169 2123 272 2184 Medio
292 2142 353 2183 tarn
373 2124 454 2207 longi
476 2125 529 2187 aevi
551 2125 661 2203 spatio,
682 2126 771 2186 multa

92 2207 220 2266 invicem
229 2205 341 2265 'damna
358 2229 365 2264 :
383 2227 444 2264 non
457 2205 584 2275 Samnis,
599 2226 657 2264 non
671 2206 771 2277 Poeni,

92 2309 156 2351 non
174 2287 340 2366 Hispaniae,
355 2287 511 2356 Galliave,
529 2307 565 2349 ne
584 2283 681 2346 Parthi
701 2289 769 2368 qui·

91 2368 165 2428 dem
194 2371 290 2449 saepius
318 2367 490 2428 admonuere
514 2389 521 2424 ε
552 2369 771 2452 quippe-regno

91 2450 210 2524 5Arsa'cis
235 2453 325 2510 acrior
354 2447 392 2508 est
418 2448 626 2509 Germanorum
649 2450 771 2512 libertas.

89 2531 266 2608 ,Quidenim
275 2529 650 2612 aliudnobisquirmcaedem
659 2531 773 2604 Crassi,

27 2611 30 2613 Α
97 2615 205 2676 amisso
229 2623 256 2674 &
279 2615 337 2692 ipse
358 2613 485 2684 Pacoro,
507 2611 580 2672 infra
603 2614 774 2676 Ventidium

90 2695 223 2773 dejedius
249 2695 352 2755 Oriens
384 2694 538 2773 objecerit?
567 2693 608 2754 At
636 2694 774 2759 Germani

99 2775 257 2849 Carbone,
276 2785 305 2838 δι
325 2775 445 2849 Cassio,
464 2784 492 2842 &
511 2776 615 2842 Scauro
636 2777 752 2840 Aurelio
760 2785 776 2852 ,'
