2000 3684
210 359 614 436 AonrcorA.
680 393 744 459 331

68 481 192 555 referre,
219 484 321 561 injurie
347 486 482 545 virtutum
507 485 598 546 fuerit.
626 487 672 547 Ne
697 488 763 550 fa·'

67 587 151 626 marn
174 565 312 647 quidem,
333 569 378 626 cui
404 569 489 627 etiam
512 587 582 648 saepe
603 569 673 630 boni
697 573 747 632 in-

68 648 211 730 dulgent,
232 645 399 708 ostentandi
418 651 540 719 virture,
563 669 613 710 aut
631 671 679 730 per
697 674 747 712 ar-

66 749 129 791 tem
145 730 273 811 qnaesirit
295 751 304 786 t
324 729 423 810 procui
443 731 480 790 ab
500 732 678 793 emulatione
700 734 749 795 ad-

65 831 164 873 versus
204 811 352 893 collegas,
389 813 487 891 proteri
519 835 536 872 a
567 817 748 877 contentione

67 894 202 954 adversus
229 911 448 973 procuratores:
471 903 500 954 δι
518 893 629 955 vincere
653 897 760 980 inglo-¹

65 977 143 1036 rium
154 1000 167 1044 ,·
197 982 226 1034 δι
256 975 338 1032 atteri
372 974 517 1034 sordidum
553 977 748 1040 arbitrabatur.

67 1055 171 1118 Minus
194 1057 346 1115 trienninm
373 1057 403 1115 in
423 1077 456 1116 ea
475 1058 620 1140 legatione
644 1057 746 1121 deten-

66 1157 136 1209 tus,
159 1157 192 1198 ac
208 1135 302 1197 statim
326 1137 362 1197 ad
378 1159 456 1218 spem
481 1138 639 1200 consulatus
660 1161 746 1201 revo-

65 1239 149 1280 catus
176 1216 235 1290 est,
261 1222 416 1280 comitante
446 1222 602 1302 opinione,
630 1221 746 1284 Britan-

65 1304 151 1362 niam
161 1303 189 1362 ei
199 1303 374 1381 provinciam
387 1302 447 1362 dari
452 1325 462 1373 3
480 1303 564 1362 nullis
581 1305 612 1364 in
624 1301 679 1364 boc
691 1308 747 1366 suis

65 1383 263 1456 sermonibus,
276 1383 324 1444 sed
340 1386 407 1465 quia
425 1384 645 1465 pervidebatur.
660 1385 749 1448 Haud
795 1392 803 1405 '

64 1477 180 1546 semp'er
205 1484 277 1524 errat
294 1463 395 1536 frma,
424 1465 579 1547 aliquando
598 1475 625 1527 δι
652 1468 747 1552 elegit.

66 1546 185 1609 Consul
211 1565 276 1630 egre
298 1549 305 1560 ⁶
359 1563 420 1608 turn
444 1548 505 1626 spei
531 1545 620 1607 filiam
652 1549 748 1626 juveni

67 1627 152 1689 mihi·
167 1567 338 1709 desponffi'tz,
357 1651 389 1688 ac
407 1627 469 1710 post
489 1631 663 1689 consulatum
682 1631 747 1689 col-

67 1713 198 1782 locavit,
224 1719 253 1770 &
281 1709 375 1771 statim
406 1711 557 1770 Britannia
589 1712 759 1792 praepositur'

69 1791 132 1864 est,
151 1792 262 1871 adjeobo
281 1789 460 1873 pontificatis
476 1792 642 1853 sacerdotio.
667 1845 678 1864 ,

81 1897 86 1904 ·
111 1875 151 1935 Χ.
167 1875 316 1936 Britanniae
336 1876 420 1934 situm
439 1876 635 1956 populosque,
652 1873 758 1955 multis=

68 1956 252 2039 scriptoribus
275 1976 468 2026 memoratos,
492 1977 551 2016 non
580 1958 609 2016 in
629 1963 758 2038 compa·'

67 2043 209 2100 rationem
243 2058 313 2099 curat
347 2040 488 2122 ingeniive
519 2036 667 2109 referam3
699 2039 748 2100 sed

67 2124 138 2204 quia
156 2140 218 2180 tum
231 2119 353 2201 prirmim
368 2120 525 2200 perdomita
544 2118 582 2179 est
604 2142 610 2177 :
629 2122 724 2200 iraque
735 2134 757 2192 ,’

69 2215 133 2285 q'uae
145 2205 248 2283 priores
266 2200 393 2262 nondum
407 2220 570 2281 comperta,
586 2199 749 2340 elop3uentib

69 2286 247 2366 percoluere,
271 2305 364 2343 rerum
389 2282 444 2342 fide
467 2282 615 2342 tradentur.
660 2283 749 2341 ritan-

69 2368 119 2427 uia
138 2367 289 2426 insularum
310 2386 380 2446 quas
400 2365 533 2425 Romana
547 2365 648 2423 notitia
662 2383 747 2435 com·

68 2448 198 2530 pleclitur
211 2450 351 2519 maxima,
361 2451 453 2528 spatio
465 2468 498 2506 ac
513 2446 585 2506 coelo
600 2447 630 2506 in
647 2444 752 2506 Orien·

70 2549 130 2590 tem
148 2530 328 2601 Germaniae,
347 2531 377 2589 in
395 2528 583 2590 Occidentem
602 2527 760 2607 Hispania.

70 2612 257 2672 obtenditur:
277 2611 370 2672 Gallis
386 2615 416 2671 in
433 2611 586 2672 Meridiem
605 2611 691 2669 etiam
706 2610 749 2670 in·
812 2670 814 2674 ,

68 2697 186 2775 spiritur
203 2695 465 2773 :septemtrionalia
484 2699 560 2773 ejus,
580 2691 662 2751 nullis
680 2699 755 2749 con-¹

68 2775 111 2836 trit
130 2775 225 2846 terris,
244 2773 323 2834 vasto
340 2794 424 2856 atque
439 2783 535 2856 aperto
551 2775 623 2833 mari
636 2771 748 2854 pulsan·

68 2874 122 2920 tur.
161 2857 298 2920 Formam
337 2858 424 2920 totius
461 2857 611 2919 Britannia
650 2853 749 2917 Livius
