<?xml version="1.0" encoding="UTF-8"?>
<!DOCTYPE html PUBLIC "-//W3C//DTD XHTML 1.0 Transitional//EN"
    "http://www.w3.org/TR/xhtml1/DTD/xhtml1-transitional.dtd">
<html xmlns="http://www.w3.org/1999/xhtml" xml:lang="en" lang="en">
 <head>
  <title>
</title>
<meta http-equiv="Content-Type" content="text/html;charset=utf-8" />
  <meta name='ocr-system' content='tesseract 3.04.00' />
  <meta name='ocr-capabilities' content='ocr_page ocr_carea ocr_par ocr_line ocrx_word'/>
</head>
<body>
  <div class='ocr_page' id='page_1' title='image "./ccorneliitaciti01lallgoog_0034.png"; bbox 0 0 2000 3684; ppageno 0'>
   <div class='ocr_carea' id='block_1_1' title="bbox 230 315 808 386">
    <p class='ocr_par' dir='ltr' id='par_1_1' title="bbox 230 315 808 386">
     <span class='ocr_line' id='line_1_1' title="bbox 230 315 808 386; baseline -0.007 0"><span class='ocrx_word' id='word_1_1' title='bbox 230 338 274 386; x_wconf 88' lang='lat'>20</span> <span class='ocrx_word' id='word_1_2' title='bbox 352 315 390 386; x_wconf 88' lang='lat' dir='ltr'>C.</span> <span class='ocrx_word' id='word_1_3' title='bbox 419 317 573 386; x_wconf 66' lang='lat' dir='ltr'>coru.</span> <span class='ocrx_word' id='word_1_4' title='bbox 605 319 808 385; x_wconf 72' lang='lat' dir='ltr'>TAcrrr</span> 
     </span>
    </p>
   </div>
   <div class='ocr_carea' id='block_1_2' title="bbox 172 427 990 1571">
    <p class='ocr_par' dir='ltr' id='par_1_2' title="bbox 172 427 990 1571">
     <span class='ocr_line' id='line_1_2' title="bbox 269 427 908 516; baseline -0.005 -19"><span class='ocrx_word' id='word_1_5' title='bbox 269 429 368 497; x_wconf 77' lang='lat' dir='ltr'>XXII.</span> <span class='ocrx_word' id='word_1_6' title='bbox 383 432 491 496; x_wconf 83' lang='lat' dir='ltr'>Interea</span> <span class='ocrx_word' id='word_1_7' title='bbox 521 436 645 507; x_wconf 66' lang='lat' dir='ltr'>Roma,</span> <span class='ocrx_word' id='word_1_8' title='bbox 672 427 757 497; x_wconf 83' lang='lat' dir='ltr'>nullis</span> <span class='ocrx_word' id='word_1_9' title='bbox 785 434 908 516; x_wconf 64' lang='lat' dir='ltr'>palum}⁴</span> 
     </span>
     <span class='ocr_line' id='line_1_3' title="bbox 227 517 907 599; baseline -0.003 -23"><span class='ocrx_word' id='word_1_10' title='bbox 227 536 319 597; x_wconf 88' lang='lat' dir='ltr'>neque</span> <span class='ocrx_word' id='word_1_11' title='bbox 333 519 543 599; x_wconf 81' lang='lat' dir='ltr'>cognitismox</span> <span class='ocrx_word' id='word_1_12' title='bbox 565 518 672 588; x_wconf 83' lang='lat' dir='ltr'>causis,</span> <span class='ocrx_word' id='word_1_13' title='bbox 695 517 753 578; x_wconf 90' lang='lat' dir='ltr'>Cn.</span> <span class='ocrx_word' id='word_1_14' title='bbox 777 517 907 587; x_wconf 81' lang='lat' dir='ltr'>Novius,</span> 
     </span>
     <span class='ocr_line' id='line_1_4' title="bbox 201 598 909 678; baseline 0.001 -23"><span class='ocrx_word' id='word_1_15' title='bbox 201 599 204 603; x_wconf 76' lang='grc'><strong>’</strong></span> <span class='ocrx_word' id='word_1_16' title='bbox 229 615 314 676; x_wconf 81' lang='lat' dir='ltr'>eques</span> <span class='ocrx_word' id='word_1_17' title='bbox 335 599 504 668; x_wconf 85' lang='lat' dir='ltr'>Romanus,</span> <span class='ocrx_word' id='word_1_18' title='bbox 523 598 597 657; x_wconf 87' lang='lat' dir='ltr'>ferro</span> <span class='ocrx_word' id='word_1_19' title='bbox 615 599 756 658; x_wconf 70' lang='lat' dir='ltr'>accindlus</span> <span class='ocrx_word' id='word_1_20' title='bbox 774 600 909 678; x_wconf 89' lang='lat' dir='ltr'>reperitur</span> 
     </span>
     <span class='ocr_line' id='line_1_5' title="bbox 229 676 911 760; baseline 0 -24"><span class='ocrx_word' id='word_1_21' title='bbox 229 679 260 736; x_wconf 89' lang='lat' dir='ltr'>in</span> <span class='ocrx_word' id='word_1_22' title='bbox 273 695 346 738; x_wconf 86' lang='lat' dir='ltr'>coetu</span> <span class='ocrx_word' id='word_1_23' title='bbox 363 679 544 738; x_wconf 84' lang='lat' dir='ltr'>salutantium</span> <span class='ocrx_word' id='word_1_24' title='bbox 560 681 737 758; x_wconf 84' lang='lat' dir='ltr'>principem:</span> <span class='ocrx_word' id='word_1_25' title='bbox 752 699 820 738; x_wconf 85' lang='lat' dir='ltr'>nam</span> <span class='ocrx_word' id='word_1_26' title='bbox 832 676 911 760; x_wconf 84' lang='lat' dir='ltr'>post-</span> 
     </span>
     <span class='ocr_line' id='line_1_6' title="bbox 230 758 912 840; baseline 0.003 -22"><span class='ocrx_word' id='word_1_27' title='bbox 230 781 318 840; x_wconf 84' lang='lat' dir='ltr'>quam</span> <span class='ocrx_word' id='word_1_28' title='bbox 341 763 488 820; x_wconf 88' lang='lat' dir='ltr'>tormentis</span> <span class='ocrx_word' id='word_1_29' title='bbox 509 758 719 831; x_wconf 79' lang='lat' dir='ltr'>dilaniabatur,</span> <span class='ocrx_word' id='word_1_30' title='bbox 744 758 779 817; x_wconf 87' lang='lat' dir='ltr'>de</span> <span class='ocrx_word' id='word_1_31' title='bbox 804 781 833 818; x_wconf 88' lang='lat' dir='ltr'>se</span> <span class='ocrx_word' id='word_1_32' title='bbox 855 779 912 820; x_wconf 92' lang='lat' dir='ltr'>no·</span> 
     </span>
     <span class='ocr_line' id='line_1_7' title="bbox 230 838 912 911; baseline 0.003 -11"><span class='ocrx_word' id='word_1_33' title='bbox 230 842 282 908; x_wconf 81' lang='lat' dir='ltr'>ni.</span> <span class='ocrx_word' id='word_1_34' title='bbox 301 885 329 902; x_wconf 91' lang='lat'>..</span> <span class='ocrx_word' id='word_1_35' title='bbox 352 844 481 901; x_wconf 89' lang='lat' dir='ltr'>conscios</span> <span class='ocrx_word' id='word_1_36' title='bbox 497 863 556 900; x_wconf 92' lang='lat' dir='ltr'>non</span> <span class='ocrx_word' id='word_1_37' title='bbox 580 840 689 911; x_wconf 86' lang='lat' dir='ltr'>edidit,</span> <span class='ocrx_word' id='word_1_38' title='bbox 713 838 851 900; x_wconf 75' lang='lat' dir='ltr'>incertum</span> <span class='ocrx_word' id='word_1_39' title='bbox 873 857 912 902; x_wconf 82' lang='lat' dir='ltr'>au</span> 
     </span>
     <span class='ocr_line' id='line_1_8' title="bbox 231 921 911 984; baseline 0.003 -3"><span class='ocrx_word' id='word_1_40' title='bbox 231 923 384 983; x_wconf 84' lang='lat' dir='ltr'>occultans.</span> <span class='ocrx_word' id='word_1_41' title='bbox 404 921 508 984; x_wconf 89' lang='lat' dir='ltr'>lisdem</span> <span class='ocrx_word' id='word_1_42' title='bbox 528 922 690 981; x_wconf 83' lang='lat' dir='ltr'>consulibus</span> <span class='ocrx_word' id='word_1_43' title='bbox 705 921 737 980; x_wconf 79' lang='lat' dir='ltr'>P.</span> <span class='ocrx_word' id='word_1_44' title='bbox 755 922 911 983; x_wconf 78' lang='lat' dir='ltr'>Dolabella</span> 
     </span>
     <span class='ocr_line' id='line_1_9' title="bbox 172 1003 913 1083; baseline 0.003 -21"><span class='ocrx_word' id='word_1_45' title='bbox 172 1078 175 1083; x_wconf 21' lang='grc' dir='ltr'>Ι</span> <span class='ocrx_word' id='word_1_46' title='bbox 232 1007 341 1063; x_wconf 87' lang='lat' dir='ltr'>censuit</span> <span class='ocrx_word' id='word_1_47' title='bbox 357 1005 535 1077; x_wconf 55' lang='lat' dir='ltr'>spectaculum</span> <span class='ocrx_word' id='word_1_48' title='bbox 552 1003 735 1082; x_wconf 77' lang='lat' dir='ltr'>gladiatorum</span> <span class='ocrx_word' id='word_1_49' title='bbox 748 1024 801 1075; x_wconf 84' lang='lat' dir='ltr'>per</span> <span class='ocrx_word' id='word_1_50' title='bbox 818 1026 913 1064; x_wconf 80' lang='lat' dir='ltr'>omncs</span> 
     </span>
     <span class='ocr_line' id='line_1_10' title="bbox 232 1072 989 1162; baseline 0.004 -20"><span class='ocrx_word' id='word_1_51' title='bbox 232 1107 319 1142; x_wconf 82' lang='lat' dir='ltr'>annos</span> <span class='ocrx_word' id='word_1_52' title='bbox 333 1084 517 1144; x_wconf 80' lang='lat' dir='ltr'>celebrandum</span> <span class='ocrx_word' id='word_1_53' title='bbox 521 1085 638 1157; x_wconf 71' lang='lat' dir='ltr'>pecunie</span> <span class='ocrx_word' id='word_1_54' title='bbox 647 1100 737 1142; x_wconf 82' lang='lat' dir='ltr'>eorum</span> <span class='ocrx_word' id='word_1_55' title='bbox 745 1129 757 1152; x_wconf 92' lang='lat'>,</span> <span class='ocrx_word' id='word_1_56' title='bbox 770 1087 818 1159; x_wconf 81' lang='lat' dir='ltr'>qui</span> <span class='ocrx_word' id='word_1_57' title='bbox 829 1107 914 1162; x_wconf 72' lang='lat' dir='ltr'>quus·</span> <span class='ocrx_word' id='word_1_58' title='bbox 988 1072 989 1137; x_wconf 62' lang='lat' dir='ltr'>l</span> 
     </span>
     <span class='ocr_line' id='line_1_11' title="bbox 232 1162 913 1244; baseline 0.003 -20"><span class='ocrx_word' id='word_1_59' title='bbox 232 1184 321 1224; x_wconf 84' lang='lat' dir='ltr'>turam</span> <span class='ocrx_word' id='word_1_60' title='bbox 350 1162 569 1238; x_wconf 82' lang='lat' dir='ltr'>adipiscerentur.</span> <span class='ocrx_word' id='word_1_61' title='bbox 596 1164 682 1244; x_wconf 85' lang='lat' dir='ltr'>Apud</span> <span class='ocrx_word' id='word_1_62' title='bbox 705 1169 827 1242; x_wconf 80' lang='lat' dir='ltr'>majores</span> <span class='ocrx_word' id='word_1_63' title='bbox 852 1168 913 1226; x_wconf 82' lang='lat' dir='ltr'>vir-</span> 
     </span>
     <span class='ocr_line' id='line_1_12' title="bbox 232 1241 915 1326; baseline 0.003 -22"><span class='ocrx_word' id='word_1_64' title='bbox 232 1247 299 1304; x_wconf 89' lang='lat' dir='ltr'>tutis</span> <span class='ocrx_word' id='word_1_65' title='bbox 321 1241 355 1304; x_wconf 87' lang='lat' dir='ltr'>·icl</span> <span class='ocrx_word' id='word_1_66' title='bbox 379 1247 523 1325; x_wconf 71' lang='lat' dir='ltr'>premium</span> <span class='ocrx_word' id='word_1_67' title='bbox 545 1245 657 1315; x_wconf 81' lang='lat' dir='ltr'>fuerat,</span> <span class='ocrx_word' id='word_1_68' title='bbox 682 1247 847 1326; x_wconf 73' lang='lat' dir='ltr'>cunstisque</span> <span class='ocrx_word' id='word_1_69' title='bbox 872 1251 915 1306; x_wconf 84' lang='lat' dir='ltr'>ci·</span> 
     </span>
     <span class='ocr_line' id='line_1_13' title="bbox 232 1324 914 1397; baseline 0.003 -11"><span class='ocrx_word' id='word_1_70' title='bbox 232 1328 329 1397; x_wconf 81' lang='lat' dir='ltr'>¹vium,</span> <span class='ocrx_word' id='word_1_71' title='bbox 356 1327 485 1388; x_wconf 84' lang='lat' dir='ltr'>sibonis</span> <span class='ocrx_word' id='word_1_72' title='bbox 509 1328 614 1386; x_wconf 87' lang='lat' dir='ltr'>artibus</span> <span class='ocrx_word' id='word_1_73' title='bbox 640 1324 778 1394; x_wconf 86' lang='lat' dir='ltr'>fiderent,</span> <span class='ocrx_word' id='word_1_74' title='bbox 801 1327 914 1388; x_wconf 87' lang='lat' dir='ltr'>licitum</span> 
     </span>
     <span class='ocr_line' id='line_1_14' title="bbox 234 1405 990 1490; baseline 0.005 -25"><span class='ocrx_word' id='word_1_75' title='bbox 234 1427 327 1489; x_wconf 87' lang='lat' dir='ltr'>petere</span> <span class='ocrx_word' id='word_1_76' title='bbox 351 1405 528 1490; x_wconf 81' lang='lat' dir='ltr'>magistratus</span> <span class='ocrx_word' id='word_1_77' title='bbox 553 1426 561 1465; x_wconf 79' lang='lat' dir='ltr'>e</span> <span class='ocrx_word' id='word_1_78' title='bbox 588 1423 622 1466; x_wconf 83' lang='lat' dir='ltr'>ac</span> <span class='ocrx_word' id='word_1_79' title='bbox 647 1425 682 1466; x_wconf 90' lang='lat' dir='ltr'>ne</span> <span class='ocrx_word' id='word_1_80' title='bbox 704 1422 770 1467; x_wconf 77' lang='lat' dir='ltr'>aetas</span> <span class='ocrx_word' id='word_1_81' title='bbox 815 1409 914 1469; x_wconf 87' lang='lat' dir='ltr'>uidem</span> <span class='ocrx_word' id='word_1_82' title='bbox 989 1464 990 1477; x_wconf 67' lang='grc'>,</span> 
     </span>
     <span class='ocr_line' id='line_1_15' title="bbox 234 1427 990 1571; baseline 0.005 -23"><span class='ocrx_word' id='word_1_83' title='bbox 234 1487 473 1571; x_wconf 77' lang='lat' dir='ltr'>distinguebatur,</span> <span class='ocrx_word' id='word_1_84' title='bbox 500 1490 569 1568; x_wconf 88' lang='lat' dir='ltr'>quin</span> <span class='ocrx_word' id='word_1_85' title='bbox 594 1487 683 1566; x_wconf 64' lang='lat' dir='ltr'>prisnei</span> <span class='ocrx_word' id='word_1_86' title='bbox 706 1427 822 1565; x_wconf 68' lang='lat' dir='ltr'>juvend</span> <span class='ocrx_word' id='word_1_87' title='bbox 845 1513 915 1552; x_wconf 62' lang='lat' dir='ltr'>cone</span> <span class='ocrx_word' id='word_1_88' title='bbox 989 1484 990 1491; x_wconf 8' lang='grc' dir='ltr'>ἵ</span> 
     </span>
    </p>
   </div>
   <div class='ocr_carea' id='block_1_3' title="bbox 148 1568 914 1652">
    <p class='ocr_par' dir='ltr' id='par_1_3' title="bbox 148 1568 914 1652">
     <span class='ocr_line' id='line_1_16' title="bbox 148 1568 914 1652; baseline -0.001 -20"><span class='ocrx_word' id='word_1_89' title='bbox 148 1642 153 1652; x_wconf 39' lang='grc' dir='ltr'>Ι</span> <span class='ocrx_word' id='word_1_90' title='bbox 236 1572 358 1632; x_wconf 84' lang='lat' dir='ltr'>sulatum</span> <span class='ocrx_word' id='word_1_91' title='bbox 377 1591 410 1630; x_wconf 87' lang='lat' dir='ltr'>ac</span> <span class='ocrx_word' id='word_1_92' title='bbox 428 1571 579 1630; x_wconf 60' lang='lat' dir='ltr'>dictaturus</span> <span class='ocrx_word' id='word_1_93' title='bbox 593 1569 705 1629; x_wconf 86' lang='lat' dir='ltr'>inirent.</span> <span class='ocrx_word' id='word_1_94' title='bbox 721 1568 777 1630; x_wconf 84' lang='lat' dir='ltr'>Sed</span> <span class='ocrx_word' id='word_1_95' title='bbox 787 1570 914 1651; x_wconf 77' lang='lat' dir='ltr'>quaesto·</span> 
     </span>
    </p>
   </div>
   <div class='ocr_carea' id='block_1_4' title="bbox 166 1651 991 2543">
    <p class='ocr_par' dir='ltr' id='par_1_4' title="bbox 166 1651 991 2543">
     <span class='ocr_line' id='line_1_17' title="bbox 236 1651 916 1736; baseline 0.001 -24"><span class='ocrx_word' id='word_1_96' title='bbox 236 1674 307 1722; x_wconf 84' lang='lat' dir='ltr'>res,</span> <span class='ocrx_word' id='word_1_97' title='bbox 336 1651 449 1736; x_wconf 80' lang='lat' dir='ltr'>regibus</span> <span class='ocrx_word' id='word_1_98' title='bbox 478 1652 564 1711; x_wconf 79' lang='lat' dir='ltr'>etiem</span> <span class='ocrx_word' id='word_1_99' title='bbox 594 1668 653 1710; x_wconf 89' lang='lat' dir='ltr'>tum</span> <span class='ocrx_word' id='word_1_100' title='bbox 684 1652 916 1730; x_wconf 85' lang='lat' dir='ltr'>imperantibus,</span> 
     </span>
     <span class='ocr_line' id='line_1_18' title="bbox 166 1730 915 1813; baseline 0.003 -21"><span class='ocrx_word' id='word_1_101' title='bbox 166 1739 178 1761; x_wconf 74' lang='lat'>²</span> <span class='ocrx_word' id='word_1_102' title='bbox 236 1731 354 1792; x_wconf 87' lang='lat' dir='ltr'>instituti</span> <span class='ocrx_word' id='word_1_103' title='bbox 374 1753 438 1793; x_wconf 88' lang='lat' dir='ltr'>sunt</span> <span class='ocrx_word' id='word_1_104' title='bbox 459 1756 466 1789; x_wconf 78' lang='lat' dir='ltr'><em>z</em></span> <span class='ocrx_word' id='word_1_105' title='bbox 487 1732 570 1813; x_wconf 90' lang='lat' dir='ltr'>quod</span> <span class='ocrx_word' id='word_1_106' title='bbox 585 1734 630 1793; x_wconf 85' lang='lat' dir='ltr'>lex</span> <span class='ocrx_word' id='word_1_107' title='bbox 648 1731 753 1793; x_wconf 80' lang='lat' dir='ltr'>curiata</span> <span class='ocrx_word' id='word_1_108' title='bbox 772 1730 915 1807; x_wconf 88' lang='lat' dir='ltr'>ostendit,</span> 
     </span>
     <span class='ocr_line' id='line_1_19' title="bbox 235 1813 991 1894; baseline 0 -20"><span class='ocrx_word' id='word_1_109' title='bbox 235 1815 274 1874; x_wconf 84' lang='lat' dir='ltr'>ab</span> <span class='ocrx_word' id='word_1_110' title='bbox 294 1815 328 1873; x_wconf 84' lang='lat' dir='ltr'>L.</span> <span class='ocrx_word' id='word_1_111' title='bbox 350 1813 435 1873; x_wconf 87' lang='lat' dir='ltr'>Bruto</span> <span class='ocrx_word' id='word_1_112' title='bbox 460 1816 585 1891; x_wconf 82' lang='lat' dir='ltr'>repetitu.</span> <span class='ocrx_word' id='word_1_113' title='bbox 603 1814 770 1894; x_wconf 87' lang='lat' dir='ltr'>Mansitque</span> <span class='ocrx_word' id='word_1_114' title='bbox 790 1819 918 1876; x_wconf 73' lang='lat' dir='ltr'>consuli-</span> <span class='ocrx_word' id='word_1_115' title='bbox 990 1862 991 1865; x_wconf 15' lang='grc' dir='ltr'>η</span> 
     </span>
     <span class='ocr_line' id='line_1_20' title="bbox 236 1891 915 1978; baseline 0.001 -22"><span class='ocrx_word' id='word_1_116' title='bbox 236 1896 290 1956; x_wconf 89' lang='lat' dir='ltr'>bus</span> <span class='ocrx_word' id='word_1_117' title='bbox 306 1896 308 1900; x_wconf 79' lang='grc'><strong>’</strong></span> <span class='ocrx_word' id='word_1_118' title='bbox 331 1891 432 1955; x_wconf 79' lang='lat' dir='ltr'>orestas</span> <span class='ocrx_word' id='word_1_119' title='bbox 449 1891 619 1978; x_wconf 85' lang='lat' dir='ltr'>deligendi,</span> <span class='ocrx_word' id='word_1_120' title='bbox 643 1894 737 1954; x_wconf 82' lang='lat' dir='ltr'>donec</span> <span class='ocrx_word' id='word_1_121' title='bbox 754 1913 819 1954; x_wconf 89' lang='lat' dir='ltr'>eum</span> <span class='ocrx_word' id='word_1_122' title='bbox 835 1919 915 1978; x_wconf 57' lang='lat' dir='ltr'>quo*</span> 
     </span>
     <span class='ocr_line' id='line_1_21' title="bbox 237 1915 916 2058; baseline 0.007 -24"><span class='ocrx_word' id='word_1_123' title='bbox 237 1996 292 2058; x_wconf 86' lang='lat' dir='ltr'>que</span> <span class='ocrx_word' id='word_1_124' title='bbox 310 1915 448 2036; x_wconf 74' lang='lat' dir='ltr'>bonorem</span> <span class='ocrx_word' id='word_1_125' title='bbox 474 1976 593 2055; x_wconf 83' lang='lat' dir='ltr'>populus</span> <span class='ocrx_word' id='word_1_126' title='bbox 612 1977 760 2037; x_wconf 83' lang='lat' dir='ltr'>mandaret</span> <span class='ocrx_word' id='word_1_127' title='bbox 782 1981 916 2038; x_wconf 58' lang='lat' dir='ltr'>screati*</span> 
     </span>
     <span class='ocr_line' id='line_1_22' title="bbox 238 2056 918 2138; baseline 0.004 -22"><span class='ocrx_word' id='word_1_128' title='bbox 238 2078 293 2138; x_wconf 92' lang='lat' dir='ltr'>que</span> <span class='ocrx_word' id='word_1_129' title='bbox 309 2057 429 2136; x_wconf 82' lang='lat' dir='ltr'>primum</span> <span class='ocrx_word' id='word_1_130' title='bbox 451 2057 581 2116; x_wconf 89' lang='lat' dir='ltr'>Valerius</span> <span class='ocrx_word' id='word_1_131' title='bbox 605 2056 731 2128; x_wconf 86' lang='lat' dir='ltr'>Potitus,</span> <span class='ocrx_word' id='word_1_132' title='bbox 758 2067 785 2117; x_wconf 91' lang='lat'>&amp;</span> <span class='ocrx_word' id='word_1_133' title='bbox 810 2059 918 2119; x_wconf 81' lang='lat' dir='ltr'>AErni·</span> 
     </span>
     <span class='ocr_line' id='line_1_23' title="bbox 238 2137 918 2221; baseline 0.003 -23"><span class='ocrx_word' id='word_1_134' title='bbox 238 2139 292 2198; x_wconf 90' lang='lat' dir='ltr'>lius</span> <span class='ocrx_word' id='word_1_135' title='bbox 306 2139 486 2209; x_wconf 82' lang='lat' dir='ltr'>Mamercus,</span> <span class='ocrx_word' id='word_1_136' title='bbox 509 2158 592 2197; x_wconf 81' lang='lat' dir='ltr'>txur</span> <span class='ocrx_word' id='word_1_137' title='bbox 608 2157 685 2198; x_wconf 78' lang='lat' dir='ltr'>anno</span> <span class='ocrx_word' id='word_1_138' title='bbox 705 2137 767 2217; x_wconf 85' lang='lat' dir='ltr'>post</span> <span class='ocrx_word' id='word_1_139' title='bbox 785 2139 918 2221; x_wconf 86' lang='lat' dir='ltr'>Tarqui·</span> 
     </span>
     <span class='ocr_line' id='line_1_24' title="bbox 239 2219 918 2290; baseline 0.001 -10"><span class='ocrx_word' id='word_1_140' title='bbox 239 2219 304 2280; x_wconf 87' lang='lat' dir='ltr'>nios</span> <span class='ocrx_word' id='word_1_141' title='bbox 326 2223 462 2290; x_wconf 73' lang='lat' dir='ltr'>exustos,</span> <span class='ocrx_word' id='word_1_142' title='bbox 482 2237 590 2279; x_wconf 88' lang='lat' dir='ltr'>utrem</span> <span class='ocrx_word' id='word_1_143' title='bbox 613 2221 766 2280; x_wconf 87' lang='lat' dir='ltr'>militarem</span> <span class='ocrx_word' id='word_1_144' title='bbox 788 2223 918 2282; x_wconf 82' lang='lat' dir='ltr'>comita-</span> 
     </span>
     <span class='ocr_line' id='line_1_25' title="bbox 239 2300 919 2384; baseline 0.003 -24"><span class='ocrx_word' id='word_1_145' title='bbox 239 2322 341 2364; x_wconf 84' lang='lat' dir='ltr'>rentur.</span> <span class='ocrx_word' id='word_1_146' title='bbox 372 2301 448 2362; x_wconf 89' lang='lat' dir='ltr'>Dein</span> <span class='ocrx_word' id='word_1_147' title='bbox 477 2300 659 2384; x_wconf 80' lang='lat' dir='ltr'>gliscentibus</span> <span class='ocrx_word' id='word_1_148' title='bbox 684 2303 826 2383; x_wconf 83' lang='lat' dir='ltr'>negotiis,</span> <span class='ocrx_word' id='word_1_149' title='bbox 858 2302 919 2363; x_wconf 88' lang='lat' dir='ltr'>duo</span> 
     </span>
     <span class='ocr_line' id='line_1_26' title="bbox 239 2382 920 2463; baseline 0.001 -19"><span class='ocrx_word' id='word_1_150' title='bbox 239 2382 348 2451; x_wconf 82' lang='lat' dir='ltr'>additi,</span> <span class='ocrx_word' id='word_1_151' title='bbox 360 2386 410 2463; x_wconf 89' lang='lat' dir='ltr'>qui</span> <span class='ocrx_word' id='word_1_152' title='bbox 419 2383 520 2441; x_wconf 81' lang='lat' dir='ltr'>Romae</span> <span class='ocrx_word' id='word_1_153' title='bbox 528 2401 664 2442; x_wconf 85' lang='lat' dir='ltr'>curarent.</span> <span class='ocrx_word' id='word_1_154' title='bbox 676 2383 748 2441; x_wconf 84' lang='lat' dir='ltr'>Mox</span> <span class='ocrx_word' id='word_1_155' title='bbox 760 2383 920 2462; x_wconf 84' lang='lat' dir='ltr'>duplicatus</span> 
     </span>
     <span class='ocr_line' id='line_1_27' title="bbox 241 2460 922 2543; baseline 0 -19"><span class='ocrx_word' id='word_1_156' title='bbox 241 2484 392 2533; x_wconf 84' lang='lat' dir='ltr'>numerus,</span> <span class='ocrx_word' id='word_1_157' title='bbox 410 2460 588 2542; x_wconf 64' lang='lat' dir='ltr'>stipendiarii</span> <span class='ocrx_word' id='word_1_158' title='bbox 604 2469 663 2543; x_wconf 86' lang='lat' dir='ltr'>jam</span> <span class='ocrx_word' id='word_1_159' title='bbox 680 2462 777 2534; x_wconf 72' lang='lat' dir='ltr'>Iulii,</span> <span class='ocrx_word' id='word_1_160' title='bbox 794 2474 822 2524; x_wconf 87' lang='lat'>&amp;</span> <span class='ocrx_word' id='word_1_161' title='bbox 836 2487 922 2524; x_wconf 83' lang='lat' dir='ltr'>acce·</span> 
     </span>
    </p>
   </div>
   <div class='ocr_carea' id='block_1_5' title="bbox 242 2544 922 2872">
    <p class='ocr_par' dir='ltr' id='par_1_5' title="bbox 242 2544 922 2872">
     <span class='ocr_line' id='line_1_28' title="bbox 242 2544 920 2627; baseline 0.001 -23"><span class='ocrx_word' id='word_1_162' title='bbox 242 2544 372 2604; x_wconf 84' lang='lat' dir='ltr'>dentibus</span> <span class='ocrx_word' id='word_1_163' title='bbox 390 2544 596 2623; x_wconf 86' lang='lat' dir='ltr'>provinciarum</span> <span class='ocrx_word' id='word_1_164' title='bbox 614 2545 809 2627; x_wconf 62' lang='lat' dir='ltr'>vedigalibus.</span> <span class='ocrx_word' id='word_1_165' title='bbox 832 2544 920 2618; x_wconf 83' lang='lat' dir='ltr'>Pbst,</span> 
     </span>
     <span class='ocr_line' id='line_1_29' title="bbox 242 2625 920 2708; baseline 0 -21"><span class='ocrx_word' id='word_1_166' title='bbox 242 2625 306 2708; x_wconf 86' lang='lat' dir='ltr'>lege</span> <span class='ocrx_word' id='word_1_167' title='bbox 331 2625 433 2697; x_wconf 79' lang='lat' dir='ltr'>Sullae,</span> <span class='ocrx_word' id='word_1_168' title='bbox 456 2627 560 2708; x_wconf 83' lang='lat' dir='ltr'>viginti</span> <span class='ocrx_word' id='word_1_169' title='bbox 580 2628 664 2684; x_wconf 86' lang='lat' dir='ltr'>creati</span> <span class='ocrx_word' id='word_1_170' title='bbox 690 2626 846 2707; x_wconf 88' lang='lat' dir='ltr'>supplendo</span> <span class='ocrx_word' id='word_1_171' title='bbox 869 2649 920 2687; x_wconf 83' lang='lat' dir='ltr'>se·</span> 
     </span>
     <span class='ocr_line' id='line_1_30' title="bbox 243 2705 921 2789; baseline -0.001 -21"><span class='ocrx_word' id='word_1_172' title='bbox 243 2709 344 2778; x_wconf 78' lang='lat' dir='ltr'>nutui,</span> <span class='ocrx_word' id='word_1_173' title='bbox 362 2709 406 2766; x_wconf 87' lang='lat' dir='ltr'>cui</span> <span class='ocrx_word' id='word_1_174' title='bbox 427 2705 532 2786; x_wconf 85' lang='lat' dir='ltr'>judicia</span> <span class='ocrx_word' id='word_1_175' title='bbox 552 2707 702 2768; x_wconf 82' lang='lat' dir='ltr'>tradiderat</span> <span class='ocrx_word' id='word_1_176' title='bbox 725 2731 733 2766; x_wconf 78' lang='lat' dir='ltr'>s</span> <span class='ocrx_word' id='word_1_177' title='bbox 756 2717 785 2768; x_wconf 75' lang='lat' dir='ltr'>ut</span> <span class='ocrx_word' id='word_1_178' title='bbox 809 2729 921 2789; x_wconf 85' lang='lat' dir='ltr'>quam·</span> 
     </span>
     <span class='ocr_line' id='line_1_31' title="bbox 247 2787 922 2872; baseline -0.001 -22"><span class='ocrx_word' id='word_1_179' title='bbox 247 2807 334 2870; x_wconf 83' lang='lat' dir='ltr'>quum</span> <span class='ocrx_word' id='word_1_180' title='bbox 372 2789 477 2870; x_wconf 87' lang='lat' dir='ltr'>equites</span> <span class='ocrx_word' id='word_1_181' title='bbox 511 2787 616 2870; x_wconf 76' lang='lat' dir='ltr'>judicie</span> <span class='ocrx_word' id='word_1_182' title='bbox 648 2790 882 2872; x_wconf 78' lang='lat' dir='ltr'>recuperavissent</span> <span class='ocrx_word' id='word_1_183' title='bbox 909 2810 922 2870; x_wconf 79' lang='lat'>3</span> 
     </span>
    </p>
   </div>
   <div class='ocr_carea' id='block_1_6' title="bbox 0 0 1031 3684">
    <p class='ocr_par' dir='ltr' id='par_1_6' title="bbox 0 0 1031 3684">
     <span class='ocr_line' id='line_1_32' title="bbox 0 0 1031 3684; baseline 0 0"><span class='ocrx_word' id='word_1_184' title='bbox 0 0 1031 3684; x_wconf 95' lang='lat' dir='ltr'> </span> 
     </span>
    </p>
   </div>
  </div>
 </body>
</html>
