2000 3684
130 273 147 288 “
215 307 282 354 roo
341 283 380 352 C.
408 283 555 353 Coun.
588 284 791 352 TAcrrr

211 406 306 473 dium,
323 403 447 482 infernos
458 402 620 461 Silanorum
632 425 727 463 mortes
741 404 895 477 invocare,'

210 495 239 546 &
251 503 294 542 tot
305 486 393 543 inrita
396 485 538 562 facinora.

253 565 323 624 XV.
341 565 484 624 Turbatus
503 563 547 623 his
564 563 659 636 Nero,
680 567 891 647 &propinquo

211 646 279 715 die,
291 667 351 726 quo
363 665 494 726 quarmm
514 644 657 704 decimum
675 647 762 705 aetatis
781 667 891 706 annum

211 727 387 786 Britannicus
416 726 571 807 explebat,
604 727 730 786 volutare
765 747 893 799 secum,

212 805 304 868 modo
335 810 432 872 matris
462 807 651 878 violentiam,
683 803 776 865 modo
807 810 896 887 ipsius

212 888 363 960 indolem,
386 892 417 947 'ut
442 887 560 970 quidem
585 888 778 967 experimento
807 899 896 969 nuper

212 972 384 1053 cognitam,
404 989 463 1049 quo
480 988 576 1028 tamen
595 967 723 1029 favorem
739 968 799 1027 lati
820 990 896 1050 quu-

212 1053 331 1110 tivisset.
352 1049 438 1108 Pestis
455 1050 575 1108 Saturno
595 1049 718 1120 diebus,
741 1051 815 1108 inter
839 1051 896 1110 alia

213 1131 365 1212 aequalium
388 1129 517 1202 ludicra,
539 1123 660 1212 regnum
679 1131 742 1201 lusu
766 1132 893 1202 sortien-

214 1214 306 1281 tium,
327 1230 456 1270 evenerat
470 1231 504 1269 ea
520 1231 579 1270 sors
597 1211 716 1270 Neroni.
732 1210 825 1292 Igitur
843 1233 893 1271 ce-

214 1295 280 1352 teris
301 1292 430 1361 diversa,
448 1312 501 1351 nec
524 1292 656 1350 ruborem
674 1291 794 1350 allatius
815 1314 823 1349 :
846 1295 895 1352 ubi

213 1371 378 1432 Britannico
400 1374 478 1452 jussit
492 1391 663 1450 exsurgeret,
680 1393 894 1451 progressusque

214 1455 248 1512 in
268 1455 385 1514 rudium
390 1471 526 1526 ‚tautum
541 1455 659 1530 aliquem
675 1453 832 1526 inciperet,
851 1457 896 1514 in-

214 1537 302 1595 risum
323 1557 356 1594 ex
370 1554 406 1594 eo
420 1553 531 1614 sperans
544 1535 642 1614 putri,
656 1534 765 1593 sobrios
778 1555 896 1616 quoque

215 1621 384 1686 counimus,
408 1615 511 1675 nedum
537 1615 724 1684 temulentos,
750 1615 894 1696 ignoran-

216 1699 254 1756 tis
279 1721 287 1754 ε
311 1699 360 1756 ille
385 1695 541 1756 constanter
560 1715 672 1754 exorsus
693 1692 732 1753 est
755 1715 897 1770 tarmen,

217 1799 296 1858 quo,
318 1777 455 1839 evolutum
482 1799 543 1836 oum
564 1780 625 1836 sede
644 1777 740 1850 patrici
767 1777 897 1856 rebusque

126 1862 128 1864 ’
217 1881 354 1927 sumnus,
376 1855 594 1934 significabatur.
614 1856 701 1918 Unde
723 1875 786 1916 orta
810 1861 899 1918 mise-

216 1941 291 1998 ratio
319 1923 516 2007 maniiestior,
548 1939 614 2018 quia
638 1937 897 2007 dissimulationem

216 2041 277 2082 nox
295 2027 322 2079 &
339 2019 456 2081 lascivia
472 2037 620 2079 exemerat.
633 2019 731 2090 Nero,
751 2019 897 2080 intellecti

217 2099 347 2169 invidia,
372 2099 472 2159 odium
502 2098 631 2158 intendit.
661 2100 896 2182 Urgentibusquo

218 2181 383 2265 Agrippum
403 2182 510 2252 minis,
535 2181 602 2260 quis
628 2179 737 2238 nullum
763 2183 896 2254 crimen,

219 2284 311 2345 neque
328 2264 422 2342 jubete
447 2262 550 2322 caedern
570 2259 661 2320 fratris
682 2260 777 2340 palam
804 2263 895 2323 aude*

218 2347 289 2416 bat,
308 2344 420 2402 occulta
438 2343 572 2411 molitur3
592 2343 738 2418 pararique
763 2363 898 2408 uenenum

220 2427 319 2504 jubet,
345 2421 472 2482 ministro
489 2423 619 2482 Pollione
638 2421 738 2492 lulio,
762 2425 897 2502 praetoriae

220 2503 346 2564 cohortis
375 2505 506 2576 tribuno,
536 2507 613 2582 cujus
634 2502 699 2562 curi
725 2505 898 2564 attinebatur

221 2583 499 2646 damnata'veneficii
518 2586 633 2643 nomine
648 2581 790 2653 Locusta,
808 2584 900 2646 multi

221 2668 355 2727 scelerum
377 2664 465 2726 fami.
483 2665 583 2736 Nam,
599 2682 630 2723 ut
651 2666 795 2744 proximus
820 2668 901 2746 quis-

220 2767 277 2839 que
296 2748 481 2820 Britannico,
507 2765 598 2832 neque
622 2743 685 2822 fus,
704 2765 797 2834 neque
813 2745 902 2813 fidem
