2000 3684
121 327 125 331 ·
208 314 287 399 '316
323 307 375 376 -C.
404 307 552 375 const.
584 307 770 375 TAcm

215 427 337 488 ceterum
354 427 480 488 saltus&
490 427 608 486 vertices
625 429 767 486 montium
778 430 899 510 jugum-

235 531 270 568 ue
300 509 467 589 insederunt.
491 508 611 568 Dirimit
632 509 709 567 enim
737 507 899 590 scinditque

214 531 348 652 ineviam
369 591 536 650 continuum
557 589 699 647 montium
715 593 833 670 jugum,
853 591 899 648 ul-

214 689 257 731 tra
269 669 347 751 quod
357 672 483 753 plurime
499 686 596 753 gentes
614 689 725 752 agunt:
744 690 778 729 ex
794 670 901 751 quibus

214 753 350 812 latissimi
366 771 442 834 patet
456 753 615 835 Lygiotum
626 772 748 820 nomen,
764 753 795 810 in
807 752 899 832 plures

214 835 342 894 civitates
375 831 518 893 diffusum.
547 832 765 892 Valentissimas
800 835 899 892 nomi·

215 933 296 975 nasse
317 915 460 985 sufficiet,'·
476 914 578 986 Asius,
604 913 804 984 Helveconas,
829 914 899 973 Ma-

216 998 333 1067 nimos,
358 997 492 1076 Elysios,
515 993 704 1056 Naharvalos.
729 993 818 1074 Apud
841 995 901 1054 Na·

202 1075 349 1138 ·harvalos
375 1079 497 1158 antiquae
523 1076 667 1159 religionis
699 1075 776 1135 lucus
804 1073 901 1136 osten-

219 1158 302 1218 ditur.
322 1158 453 1218 Praesidet
476 1157 604 1218 sacerdos
622 1157 753 1216 muliebri
774 1177 899 1230 ornatu,

218 1239 270 1299 sed
279 1243 358 1311 deos,
372 1241 595 1314 interpretatione
605 1237 751 1308 Romami,
769 1241 901 1320 Castorem

218 1320 408 1398 Pollucemque
420 1339 587 1380 memorant.
599 1321 643 1380 Ea
653 1321 695 1379 vis
706 1321 819 1378 numini
831 1343 838 1376 :
849 1341 901 1379 no·

220 1421 289 1461 men
304 1401 388 1462 Alcis
409 1425 420 1460 .·
438 1400 516 1461 nulla
536 1401 705 1476 simulacta,
725 1400 834 1460 nullum
856 1421 902 1482 pe-

220 1485 339 1566 tegtinae
354 1481 554 1564 supersticionis
569 1480 739 1566 vestigium:
757 1499 788 1540 ut
804 1481 903 1543 fratres

222 1583 342 1637 tamen,
369 1584 401 1624 ut
424 1569 538 1643 juvenes
560 1583 734 1624 venerantur.
765 1562 902 1624 Cetenlm

223 1647 287 1708 Arii
301 1665 382 1726 super
394 1647 482 1717 vires,
497 1645 600 1727 quibus
611 1661 786 1704 enumeratos
805 1645 901 1724 paullo

223 1727 291 1788 ante
322 1727 440 1821 populos
467 1727 655 1798 antecedunt,
681 1745 787 1796 truces,
812 1729 902 1786 insite

225 1807 331 1868 feritati
359 1828 418 1867 arte
448 1829 481 1866 ac
515 1827 640 1888 tempore
667 1808 864 1866 lenocinantur
894 1829 902 1866 t

226 1890 310 1972 nigra
324 1907 417 1959 scuta,
431 1890 520 1950 tinsta
535 1909 651 1971 corpora
670 1911 676 1946 t
692 1901 764 1948 atres
778 1887 814 1947 acl
833 1909 905 1970 prm·

226 1971 268 2030 lia
285 1973 381 2030 nostes
402 1970 501 2052 legunt
523 1994 529 2028 :
551 1969 665 2052 ipsique
683 1969 839 2030 formidine
860 1989 904 2030 at·

251 2071 285 2110 ue
307 2049 409 2110 umbri
433 2049 526 2113 feralis
549 2049 681 2112 exercitiis
706 2069 840 2110 terrorem
861 2053 905 2111 in-

228 2072 342 2204 ierunt,
369 2133 449 2192 nullo
472 2129 594 2192 hostium
621 2131 768 2192 sustinente
796 2153 905 2194 novum

228 2236 265 2276 ac
280 2215 358 2275 velut
374 2214 515 2275 infernum
530 2214 690 2296 adspecium
711 2236 717 2272 :
738 2235 805 2274 nam
823 2216 908 2294 primi

230 2298 263 2356 in
275 2295 409 2356 omnibus
445 2297 531 2357 roeliis
549 2297 626 2356 oculi
642 2298 797 2357 vincuntur.
815 2295 908 2356 Trans

216 2379 278 2458 -Ly
299 2379 342 2438 ios
365 2317 516 2438 Gotlones
541 2396 709 2462 regnantur,
730 2378 826 2458 paullo
845 2383 906 2457 jam

232 2399 380 2520 adcinciiiis
394 2457 481 2540 quim
494 2459 814 2520 eeteraeoermanomm
851 2481 906 2520 en·

233 2561 275 2602 tes
290 2564 297 2598 :
310 2539 437 2600 nondum
448 2560 544 2601 tamen
558 2561 639 2620 supra
651 2541 819 2600 libertatem.
831 2480 905 2600 iro·-

233 2625 309 2683 tinus
323 2621 424 2682 deinde
443 2622 480 2681 ab
498 2622 619 2683 Oceano
636 2621 741 2705 Rugii,
762 2630 790 2682 &
805 2622 909 2682 Lemo-

234 2707 276 2763 vii
296 2727 309 2760 τι
319 2706 506 2784 omniumque
524 2701 623 2763 harum
637 2705 765 2786 gentium
782 2704 911 2786 insigne,

218 2785 356 2852 <rotunda
379 2802 474 2854 scuta,
494 2784 591 2846 breves
609 2784 718 2869 gladii,
737 2793 765 2846 &
784 2804 850 2870 erga
871 2805 915 2844 te·

234 2885 285 2948 ges
304 2865 482 2948 obsequium.
