2000 3684
197 314 270 398 ‘136
323 306 360 375 C.
388 305 534 375 contr.
566 255 755 372 Tecrrr
792 381 796 386 ,

199 428 281 510 quasi
301 422 398 484 cotim
417 421 631 506 interrogabat,
649 425 791 484 vellemne
813 443 884 483 corre

198 507 270 567 tueri
284 507 366 566 inane
376 505 488 564 solum?
503 503 595 578 potiris
607 525 682 564 mare
698 505 879 583 supeffurrdee

199 608 259 648 rent
277 590 408 648 adversus
429 603 563 645 terrarum
584 604 725 659 ereptores.

238 668 320 729 LVI.
331 667 371 728 Et
384 685 545 727 commotus
556 661 601 725 his
613 666 714 727 Avitus
724 711 734 736 ,
741 668 880 741 pariendo

134 809 138 818 ,
198 749 341 812 mellonem
362 749 486 828 iruserio.
506 746 544 806 Id
561 747 639 818 diis,
660 769 725 825 quos
747 747 881 821 implora-

199 850 280 901 rent,
288 832 444 905 placitum,
464 846 494 886 ut
515 827 661 887 arbitrium
675 850 759 902 penes
775 827 880 888 Romo·

198 933 250 972 nos
269 929 406 989 morerer,
417 910 483 987 quid
499 912 611 980 darent,
625 911 692 986 quid
708 910 861 970 adimerent
870 931 882 980 ς

199 1016 282 1072 neque
294 995 367 1052 alios
375 992 501 1072 judices,
519 987 600 1068 quim
618 990 695 1064 ipsos
705 1007 880 1064 poteremur.

197 1071 325 1136 Haecin
352 1073 496 1152 publicum
525 1069 681 1132 Ansibariis
708 1071 880 1150 respondit3

199 1155 255 1234 ipsi
274 1154 430 1224 Boiocalo,
451 1152 485 1212 ob
508 1153 665 1212 memoriam
685 1153 817 1212 amicirier
833 1156 882 1214 da·

199 1254 289 1295 turum
301 1257 380 1314 agros
394 1258 405 1293 .·
417 1233 495 1316 quod
509 1234 574 1304 ille,
589 1252 620 1294 ut
631 1231 800 1313 proditionis
809 1254 881 1314 pre·

199 1316 290 1389 tium,
313 1315 492 1396 adspernatus
511 1313 621 1408 addidit
640 1337 648 1372 ι
671 1312 782 1408 Deesse·
800 1315 882 1376 nobis

182 1459 185 1464 ,
199 1415 273 1458 terro
283 1444 295 1468 ,
308 1419 340 1456 m
357 1418 410 1474 quo
428 1418 583 1468 vivamus,-
601 1417 631 1454 m
644 1417 697 1472 qua
710 1417 882 1470 moriamur,

200 1499 256 1538 reon
261 1480 346 1559 potest
358 1501 368 1536 .·
379 1496 462 1558 atque
472 1479 527 1548 ire,
540 1473 655 1538 infensis
667 1478 751 1536 uuim
772 1497 808 1536 ue
819 1479 884 1538 ani-

191 1562 274 1632 ·mis,
301 1559 459 1620 discessum.
487 1558 532 1618 Illi
560 1558 725 1631 Bructeros,
746 1497 880 1620 'iendis-

200 1660 264 1714 ros,
280 1641 424 1703 ulteriores
441 1642 528 1700 etiam
544 1639 672 1700 nationes
691 1640 782 1700 socias
802 1640 882 1700 bello

199 1723 352 1783 vocabant.
378 1721 500 1792 Avitus,
530 1720 632 1801 scripto
657 1718 694 1780 ad
722 1719 884 1788 Curtilium

200 1803 370 1874 Manciam,
400 1803 546 1882 superioris
571 1799 706 1881 exercitiis
730 1801 883 1886 legatum,

201 1901 234 1944 ut
249 1879 374 1943 Rhenum
393 1901 599 1962 transgressus,
616 1905 692 1942 omia
710 1905 729 1940 a
746 1901 821 1962 tergo
836 1907 883 1943 os-

201 1968 339 2036 tenderet,
363 1965 422 2042 ipse
439 1964 567 2046 legiones
583 1965 613 2022 in
634 1983 734 2046 agrum
755 1963 886 2025 Tencie-

201 2042 264 2105 nim
277 2043 403 2114 induxit,
423 2045 562 2105 excidium
575 2041 710 2104 miniteris
720 2090 731 2116 ‚
741 2046 802 2104 nisi
815 2069 884 2105 cau·

201 2148 263 2186 sam
279 2148 359 2186 suom
374 2125 565 2186 dissociarent.
580 2125 594 2184 I
617 2126 670 2186 itur
685 2123 886 2189 absistentibus

201 2204 263 2280 lus,
282 2209 342 2289 pari
358 2226 436 2266 metu
449 2207 571 2267 exterriti
586 2146 712 2266 drudoni
730 2229 736 2264 ε
759 2216 787 2268 &
801 2227 884 2268 cete-

202 2291 240 2352 ris
259 2309 372 2371 quoque
399 2288 491 2349 aliena
517 2287 637 2370 pericula
661 2285 855 2350 deserentibus
871 2335 887 2362 ,

202 2371 264 2431 sola
283 2370 478 2430 Asibariorum
507 2391 575 2454 gens
597 2387 672 2428 retro
699 2367 736 2428 ad
765 2371 888 2451 Usipios

203 2458 232 2512 δι
250 2450 397 2511 Tubantes
415 2451 575 2510 concessit:
595 2469 716 2531 quorum
737 2453 815 2512 tetris
835 2473 885 2511 ex-

203 2533 282 2602 aeii,
310 2551 399 2612 quum
418 2529 539 2600 Cattos,
561 2529 627 2591 dein
650 2527 810 2592 Cheruscos
827 2553 884 2612 pe-

204 2613 319 2684 tissent,
348 2632 439 2692 errore
460 2611 574 2696 longo,
601 2609 745 2691 hospites,
774 2615 859 2696 egeni
872 2657 886 2686 ,

205 2689 315 2763 hostes,
337 2695 367 2753 in
389 2692 502 2765 alieno,
526 2691 604 2774 quod
623 2693 774 2772 juventutis
788 2711 886 2764 erat,

205 2772 727 2858 eaedunuutimbellisaetesiupraedam
735 2771 887 2836 dieseon
