2000 3684
174 289 417 368 Auurrmrr
441 295 528 370 lm.
553 299 639 374 mr.
699 321 755 395 45.

86 433 210 493 marcere,
231 434 279 478 aut
299 419 329 481 in
344 419 488 496 perfidiam
508 424 610 480 mactari
629 447 641 480 .·
658 425 749 502 itaque

88 514 179 587 urgeret
198 516 291 572 copta.
313 498 401 576 Quod
421 521 544 580 spretum
563 501 661 563 fraude
680 506 747 567 Ab·

87 596 159 714 part,
177 578 226 658 qui
242 584 371 657 juvenem
393 583 544 664 ignarum,
561 592 590 644 dt
606 606 749 654 summam

99 677 218 724 ortonam
237 661 268 720 in
289 663 355 726 luxu
371 682 480 734 tatum,
502 665 606 726 multos
623 687 672 747 per
689 669 752 730 dies

88 740 191 800 attinuit
216 741 290 821 apud
310 743 446 824 oppidum
470 745 616 808 Edessam.
636 748 675 808 Et
691 771 750 811 vo-

87 838 158 879 cante
183 819 350 896 Carrhene,
375 845 565 905 promptasque
588 851 631 888 res
656 827 751 896 osten-

87 917 173 978 tante,
199 907 227 964 si
246 907 296 978 citi
308 909 493 968 ,advenissent
503 953 515 982 ,
537 929 597 968 non
622 914 753 974 cominus

86 980 335 1067 Mesopotamiam,
358 987 406 1048 sed
424 991 498 1047 flexu
515 989 682 1050 Armeniam
705 1014 753 1073 pe-

88 1082 168 1140 tunt,
197 1069 226 1130 id
262 1071 396 1149 temporis
426 1071 651 1150 importunam,
683 1076 752 1156 quia

88 1141 167 1216 biems
184 1149 351 1228 oceipiebat.

122 1229 197 1296 ΧΙΙΙ.
218 1233 296 1293 Exin
320 1231 431 1292 nivibus
454 1241 482 1294 dt
502 1231 647 1294 montibus
664 1232 752 1309 fessi,
816 1281 819 1288 .

88 1308 140 1390 1³0st
158 1335 222 1378 unm
247 1334 364 1393 campos
386 1315 636 1395 propinquabant,
660 1319 752 1396 copiis

89 1335 226 1470 Catibmis
273 1393 472 1478 adjunguntur.
516 1394 752 1479 Transmissoque

88 1493 162 1534 amne
185 1477 224 1537 Ti
244 1477 288 1548 ri,
311 1495 454 1556 permeant
474 1475 661 1547 Adiabenos,
681 1500 754 1559 quo-

89 1573 142 1624 tum
159 1579 203 1618 rex
218 1499 312 1632 futes
328 1559 492 1618 societatem
506 1555 681 1618 Meherdatis
699 1581 754 1638 pa-

89 1635 138 1702 lan
152 1640 294 1712 induerat,
312 1641 342 1698 in
361 1639 508 1706 Gotarzen
527 1659 576 1718 per
595 1640 707 1700 occulta
723 1649 756 1704 dt.

91 1721 169 1802 magis
183 1719 238 1782 fida
250 1721 417 1792 inclinabat.
433 1719 490 1781 Sed
502 1739 583 1799 capta
594 1722 624 1782 in
636 1723 754 1785 uanum

91 1799 144 1864 urbs
164 1803 281 1874 Ninos,
305 1799 489 1878 vetustissima
511 1801 588 1862 sedes
608 1801 752 1882 Assyria,

92 1882 239 1962 Urbem,
252 1881 397 1954 castellum
415 1885 525 1965 insigne
536 1880 634 1955 famd,
649 1881 728 1964 qubd
737 1929 754 1956 ,

91 1959 215 2039 postremo
234 1968 308 2024 inter
320 1965 440 2029 Darium
458 1983 542 2044 atque
557 1965 752 2033 Alexandrum

91 2045 195 2181 proeiio,
216 2047 363 2107 Persamm
387 2045 445 2104 iilic
471 2065 539 2125 opes
561 2047 755 2109 conciderant.

104 2142 185 2189 nterea
207 2129 347 2188 Gotarzes
363 2126 437 2208 apud
460 2145 608 2198 montem,
629 2130 674 2188 coi
696 2149 756 2204 noa·

92 2225 148 2267 men
163 2209 324 2280 Santdulos,
341 2228 409 2270 uota
428 2207 480 2268 diis
491 2208 549 2267 loci
565 2209 756 2288 suscipiebat,

91 2289 214 2371 praecipua
237 2291 375 2374 religione
399 2289 530 2349 Herculis
555 2311 562 2344 ε
591 2292 659 2370 qui,
682 2308 754 2360 tem-

92 2387 148 2445 pore
169 2367 240 2432 stato
251 2417 263 2444 ,
290 2371 480 2452 per-quietem
501 2389 600 2434 monet
617 2370 752 2440 sacerdo-.-

92 2466 141 2522 tes,
158 2473 188 2511 ut
207 2455 336 2530 templpm
350 2455 454 2534 juata,
474 2473 553 2530 equos
573 2457 686 2526 uetmtui
705 2456 754 2516 ad·

92 2549 189 2596 omatos
211 2535 317 2616 sistam,
341 2533 435 2616 Equi,
460 2533 510 2598 ubi
530 2529 669 2612 pharetras
690 2535 753 2606 telis

93 2613 191 2690 onustas
212 2636 364 2696 accepere,
385 2635 433 2694 per
454 2615 538 2676 saltus
561 2615 647 2696 vagi,
668 2618 753 2680 nocte

110 2713 217 2770 einum,
234 2698 328 2756 uacuis
364 2691 494 2766 harenis,
509 2694 599 2754 metito
620 2717 684 2754 cum
705 2718 756 2756 an·

93 2692 172 2840 inlitu
199 2777 323 2840 redeunt.
377 2797 453 2839 ursus
477 2774 564 2852 deus,
591 2775 648 2861 qu‘a
670 2778 758 2840 silvas
