2000 3684
265 313 334 380 266
387 307 423 378 G
453 307 599 378 Contu.
631 309 826 379 Taciti

262 428 302 493 ies
323 445 419 500 erant,
438 445 589 509 tamquam
605 431 755 488 communi
775 429 930 489 mortalitate
975 426 978 475 l

262 511 399 570 saevitiam
431 511 565 590 principis
600 511 796 590 praevenirent.
837 512 929 570 Eodem
977 524 979 533 ·

263 609 341 650 anno
356 590 479 650 delectus
498 611 547 671 per
562 590 691 651 Galliam
707 592 929 662 Narbonensem,

263 668 498 752 Africamque&
520 673 641 743 Asiam,
662 669 757 732 habiti
778 693 866 745 sunt,
884 693 930 752 sq
980 723 981 733 ,

264 751 373 832 plendis
387 752 492 832 lllyrici
504 753 663 835 legionibus
671 798 684 824 ,
702 755 856 836 exquibus
869 772 929 812 aente

263 849 314 892 aut
345 832 506 894 valetudine
535 832 619 904 fessi,
647 854 831 896 sacramento
854 836 928 894 solve·
982 870 983 877 κ

266 913 376 974 bantur.
396 913 520 975 Cladcm
539 915 764 998 Lugdunensem
784 917 929 999 quadragies

267 991 390 1056 sestertio
419 996 524 1057 solatus
551 995 591 1054 est
613 998 767 1076 princeps,
794 999 931 1057 utamini

267 1076 330 1136 urbi
346 1095 512 1156 reponerent
532 1098 644 1158 :quam
661 1080 816 1157 pecuniam
838 1077 931 1160 Lugdu·

267 1177 367 1218 nenses
378 1158 443 1217 ante
456 1158 633 1230 obtulerant,
643 1160 765 1219 turbidis
778 1161 892 1220 casibus
985 1210 986 1227 ,

309 1237 393 1298 XIV.
421 1238 450 1299 C
473 1239 632 1310 Suetonio,
656 1241 691 1298 L.
713 1241 854 1304 Telesino
875 1258 928 1298 coes

267 1315 406 1380 Antistius
425 1321 575 1392 Sosianus,
592 1319 728 1383 factitatis
752 1325 785 1382 in
807 1323 930 1383 Neronem

270 1401 443 1462 carminibus
469 1400 633 1481 probrosis,
657 1404 779 1474 exsilio,
807 1425 838 1465 ut
864 1401 930 1468 diri,
985 1414 986 1429 ¹

270 1480 423 1552 mutam,
455 1480 606 1564 postquam
640 1482 671 1544 id
696 1480 818 1546 honoris
845 1482 929 1546 iudid-

270 1561 344 1632 bus,
366 1581 482 1644 tamque
496 1583 660 1644 promptum
680 1565 719 1625 ad
739 1566 830 1627 caedes
849 1563 931 1646 princi·

270 1663 337 1723 pem
366 1645 496 1724 accepit,
531 1647 641 1726 inquies
669 1648 792 1719 animo,
817 1657 845 1708 δι
865 1663 929 1703 occa·

270 1724 385 1784 sionum
397 1722 474 1784 haud
485 1727 579 1809 segnis
585 1727 798 1804 ,Pammenem
808 1775 819 1798 ,
830 1725 930 1808 ejusdem

271 1805 330 1866 loci
349 1806 492 1876 exsulem,
511 1816 538 1866 δι
557 1805 760 1871 Chaldaeorum
776 1829 835 1870 arte
851 1807 929 1868 famo·

272 1887 353 1956 sum,
372 1885 464 1968 edque
481 1888 635 1952 multorum
652 1892 788 1951 amicitiis
800 1894 930 1957 innexum,
986 1892 988 1929 i

272 1966 459 2033 similitudine
475 1967 593 2030 fortunae
612 1971 667 2030 sibi
685 1973 831 2036 conciliat
848 1968 931 2029 Venti-

272 2064 331 2128 tate
354 2047 391 2107 ad
417 2069 483 2110 eum
515 2052 659 2122 nuncios,
683 2062 711 2114 δι
732 2053 931 2114 consultationes

272 2147 334 2188 non
355 2127 453 2190 frustra
478 2149 572 2204 tatus,
603 2135 689 2197 simul
711 2155 837 2194 annuam
860 2150 930 2213 pem·

273 2211 353 2270 uiam
380 2235 398 2272 a
428 2213 460 2270 P.
489 2211 596 2277 Anteio
623 2213 774 2276 ministrari
797 2211 930 2298 cognoscit.

275 2291 377 2373 Neque
403 2294 527 2354 nescium
550 2293 696 2376 habebat,
720 2297 855 2358 Anteium
871 2293 930 2352 eati·

276 2391 333 2432 tate
351 2375 515 2456 Agrippinae
538 2376 661 2439 invisum
678 2377 812 2450 Neroni,
830 2389 933 2458 opesque

277 2458 334 2538 ejus
355 2457 506 2534 praecipuas
525 2456 562 2516 ad
581 2458 749 2523 eliciendam
773 2459 931 2539 cupidinem,

277 2553 397 2616 eamque
415 2557 527 2596 causam
552 2541 647 2598 multis
669 2542 756 2599 exitio
776 2561 843 2601 esse.
862 2538 932 2619 Igitur
986 2542 987 2619 i

277 2617 435 2697 interceptis
457 2620 555 2682 Auteii
578 2622 697 2691 litteris,
732 2620 840 2682 ferratus
864 2619 931 2678 etiem

275 2697 414 2768 libellos,
444 2699 547 2780 quibus
579 2700 638 2762 dies
668 2703 801 2783 genitalis
827 2701 932 2780 ejus,&

277 2796 436 2854 eventius,
482 2782 593 2844 secretis
629 2782 794 2846 Pammenis
832 2779 934 2844 occulte·
