2000 3684
253 356 312 421 428
385 337 440 406 'la
470 348 672 408 Lmen
702 345 791 408 XV.

252 455 324 513 iore,
335 455 401 520 quod
412 466 557 506 servatores
569 455 594 504 δι
610 454 720 513 servati,
737 451 795 520 pari
811 453 934 521 utrimque

251 543 376 586 numero,
394 527 585 594 apiscerentur?
603 528 724 578 Nimirum
741 527 825 577 liberal
846 531 934 594 repub.

251 601 311 651 siris
327 612 441 652 serratus
456 601 578 652 servatori
595 617 711 650 eoronam
722 601 798 650 dabat
818 617 834 650 e
848 602 934 651 fronde

249 687 342 740 querm
357 676 400 724 vel
409 676 511 742 ilignea.
522 675 588 728 Vide
605 674 717 724 Gellium
732 691 764 738 5,
779 680 805 734 6,
821 674 849 724 ὅ(
861 677 935 726 Cite-

249 764 337 798 ronem
351 763 398 814 pro
408 747 509 798 Plancio
519 762 567 811 γι.
575 745 610 797 At
625 747 707 813 postea
717 747 890 813 imperatores
900 748 936 798 vi·

248 817 340 872 dentur
346 838 446 874 coronae
453 821 521 871 illius
530 821 709 886 tribuendaejus
718 822 767 872 sibi
779 837 935 874 reservasse.

248 894 317 948 Vide
327 894 392 945 dnn.
402 911 433 962 3,
446 910 489 948 21.
503 896 545 944 ubi
556 894 673 946 Tiberius
683 895 756 944 donis
766 893 934 954 militaribus,

250 985 305 1035 quae
316 971 441 1036 gregarius
452 970 523 1018 miles
535 969 565 1018 ab
576 968 639 1018 duce
648 979 800 1032 acceperat.
816 984 934 1020 coronant

250 1042 318 1092 addit
325 1042 426 1092 civicam
433 1079 441 1102 ,
449 1041 546 1108 garellus
556 1044 632 1108 magis
642 1047 713 1108 quim
726 1039 844 1092 offensus
853 1081 861 1106 ,
871 1041 934 1109 quod

249 1129 301 1164 non
312 1132 365 1164 eam
374 1131 474 1181 qaoque
482 1115 532 1164 dur
544 1111 682 1166 tribuisset.
694 1113 747 1164 Has
757 1125 849 1164 autem
861 1133 934 1166 coro·

248 1205 292 1238 nas
308 1190 401 1239 serrari
416 1188 587 1253 accipiebant,
604 1204 655 1238 non
671 1199 700 1238 ut
716 1183 856 1241 satiarent
871 1189 934 1251 sibi,

248 1261 294 1312 aed
309 1273 337 1311 ut
351 1263 524 1314 servatoribus
537 1263 705 1327 imponerent.

285 1334 358 1386 Xlll.
372 1349 396 1386 r.
408 1333 518 1385 Provisis
531 1336 654 1403 exemplis.
668 1333 792 1385 Nimirum
809 1337 935 1402 perculsis

248 1405 309 1458 Pati
325 1409 443 1460 militibus
462 1407 559 1460 abunde
576 1426 688 1477 magnum
708 1419 763 1458 erat
778 1412 935 1462 munimenta

249 1482 401 1544 defendere,
416 1497 498 1549 neque
515 1483 606 1534 vallum
618 1482 829 1551 egrediebantur,
841 1485 935 1550 partim

248 1557 305 1622 quia
319 1557 369 1607 dux
383 1567 514 1615 vetuerat,
526 1557 614 1623 partim
624 1557 686 1622 quia
696 1555 837 1607 cohibebat
853 1571 936 1610 metus

249 1630 276 1680 ἃ
287 1630 387 1696 proprie
399 1630 510 1697 ignaria,
526 1641 646 1697 tamquam
658 1629 825 1696 opperientes
834 1631 936 1682 Corbu·

248 1704 343 1756 ionem.
358 1703 442 1769 Quin,
458 1704 480 1755 si
494 1701 532 1754 vis
547 1703 692 1772 ingrueret,
703 1703 752 1768 jam
768 1705 875 1770 provisa
888 1707 936 1756 illis

251 1789 322 1826 erant
341 1777 503 1828 Caudina&
524 1777 683 1829 Numantinae
700 1776 777 1828 cladis
799 1782 933 1846 exempla,

246 1867 303 1915 quae
325 1850 373 1916 ipsi
393 1861 485 1916 sponte
505 1862 667 1916 paterentur,
686 1851 820 1902 subeundo
847 1852 932 1922 jugum

247 1921 405 1976 Parthorum.
418 1925 618 1992 insequentibus
630 1925 688 1976 duas
701 1925 829 1976 excidisse
840 1943 932 1990 voces,

247 1996 348 2046 tertiam
359 1998 420 2050 vero
429 2010 573 2064 corruptam
588 1997 654 2051 redd
664 1994 752 2050 censet
766 1996 932 2062 Gronovius,

246 2071 376 2138 legitque:
386 2088 458 2139 nepae
466 2076 570 2122 eamdem
581 2076 629 2122 sim
639 2071 788 2124 Samnitibus
799 2107 807 2130 ,
823 2073 944 2138 Italicos

246 2144 353 2211 populo.
371 2161 414 2196 aur
433 2146 548 2212 Hispania
559 2185 567 2207 ,
577 2150 648 2214 quarn
659 2145 755 2198 Parthis
766 2145 879 2198 Romani
887 2152 931 2198 im·

245 2222 308 2286 perii
319 2221 418 2270 emulis.
428 2221 537 2288 Vulgata
548 2221 608 2270 stare
620 2231 756 2286 nequeunt.

285 2291 359 2343 xlv.
380 2307 405 2344 1.
424 2293 497 2343 illum
517 2294 604 2346 locum.
624 2293 683 2344 Haee
707 2292 850 2359 emphatied
869 2294 930 2346 dista

248 2365 364 2432 intellige
383 2381 391 2416 t
411 2367 481 2416 illum
498 2367 594 2428 locum,
613 2366 638 2417 in
659 2383 710 2434 quo
729 2367 785 2418 scil.
811 2367 930 2418 Romana

247 2441 361 2507 legiones
380 2441 491 2491 obsessae
503 2452 651 2499 teneantur,
664 2455 814 2509 tempusque,
832 2458 883 2507 quo
900 2441 930 2490 ad

248 2526 385 2562 extremam
403 2516 578 2566 necessitatem
596 2515 711 2580 legiones
727 2516 778 2563 illae
795 2515 930 2577 venerint,

247 2586 351 2636 coasilio
360 2587 497 2648 destinatam
506 2625 513 2650 ,
523 2607 569 2654 qun
576 2589 603 2638 de
612 2591 724 2637 Ameria
735 2589 871 2638 tres¹simul
881 2589 929 2638 ira-

245 2672 302 2710 tres
313 2677 426 2710 cernerem
437 2678 446 2712 .·
457 2661 572 2730 adjecisse
582 2664 638 2711 deas
648 2663 759 2728 dignum,
773 2677 820 2711 seu
831 2677 885 2711 rem
900 2677 930 2712 ex

247 2733 367 2800 dignitate
384 2733 409 2783 δι
424 2730 555 2797 majestate
565 2737 748 2796 Arsacidarum,
764 2735 864 2784 scilicet
881 2750 929 2800 quo

247 2807 322 2856 simul
336 2805 359 2857 d·
375 2809 405 2857 dr
415 2807 548 2878 legionibus
562 2805 677 2860 Romanis
692 2809 766 2860 iidem
777 2808 871 2860 fratres
880 2808 929 2871 sta·
