2000 3684
230 373 490 435 Arrium
519 373 669 434 Nora.
738 394 791 450 393

118 479 224 550 proinde
237 483 305 532 nulla
317 497 375 533 esse
386 479 513 530 debuisset
531 478 684 545 jurisdiilio,
703 482 796 548 quippe

118 573 174 623 quae
193 556 370 624 magistratibus
389 554 467 612 eolis.
490 569 569 619 prove
588 554 763 622 magistratibus
783 573 798 605 a

119 642 207 680 senatu
224 629 304 679 missis
320 638 494 694 competeret,
513 643 563 677 non
579 631 641 680 vero
656 630 799 696 equitibus,

117 703 145 754 dt
156 699 234 753 multi>
250 698 330 752 mimis
343 703 448 754 libertis.
464 700 560 750 Horum
572 701 621 751 duo
634 718 724 768 genera
737 704 796 752 fue·

117 787 194 833 tunt,
215 793 289 842 quum
303 775 327 825 in
342 775 491 841 provinciis,
511 785 562 824 tum
579 775 643 824 circa
661 776 798 842 principem

118 849 208 919 ipsum.
226 849 276 899 Alii
286 850 391 915 publicae
408 852 445 899 rei
457 849 601 915 praepositi,
616 863 660 898 aut
676 850 798 900 minorum

117 922 317 990 provinciarum,
329 927 388 988 pust
405 922 477 972 Ponti
489 957 496 976 .
508 923 576 987 Epiri
586 955 592 978 ,
602 921 730 984 Thraciae,
741 940 799 973 rec·

118 1009 188 1047 tores
202 995 319 1055 instituti,
335 996 374 1061 jus
391 996 528 1046 incrimine
540 995 565 1045 δι
575 1012 647 1046 causa
659 996 746 1060 capitis
757 997 798 1046 di·

118 1073 223 1132 cebant,
237 1067 353 1120 nessani
364 1072 451 1119 mirum
462 1068 571 1120 valuisse
583 1085 669 1118 eorum
679 1067 799 1135 judicata.

119 1143 172 1194 Alii
181 1161 232 1194 rem
246 1143 389 1193 familiarem
400 1143 556 1208 imperatoris
571 1143 740 1210 attingebant,
754 1155 798 1194 aut

120 1219 147 1266 in
159 1216 290 1283 provintiis
304 1218 480 1284 proconsulum
493 1219 537 1266 vel
551 1217 689 1285 legatorum
706 1219 800 1268 tributa

121 1291 285 1358 pecuniasque
301 1292 432 1342 familiares
447 1290 563 1356 principis
580 1292 740 1358 colligebant.
758 1292 798 1342 Ad

120 1366 168 1416 hos
183 1365 321 1430 praesertim
330 1363 486 1415 referendum
498 1380 556 1415 esse
568 1363 672 1414 edilium
682 1363 798 1429 Claudii,

118 1453 154 1488 ex
164 1438 217 1504 ipsa
226 1438 308 1487 Taciti
318 1439 458 1488 narratione
469 1436 537 1487 celii
548 1439 645 1504 colligit
655 1437 782 1489 Ernellus.

158 1527 184 1563 2.
201 1511 349 1576 Deereraque
364 1527 440 1560 eorum
452 1513 547 1576 perinde
560 1509 647 1559 haberi.
661 1511 697 1560 lta
712 1513 795 1561 codex

119 1583 358 1650 Guelferbytensis,
377 1599 427 1632 non
437 1585 553 1648 proinde,
573 1583 639 1648 quod
654 1584 743 1632 merito
760 1583 800 1635 Pi·

118 1661 206 1710 chenae
214 1657 370 1722 displicebat.
381 1653 448 1705 lniri
458 1672 505 1721 pro
516 1654 645 1716 bellarunt,
655 1657 719 1722 quod
730 1657 800 1708 Rhe·

119 1749 198 1784 nanus
222 1731 333 1793 invenit,
349 1729 458 1780 dedimus
484 1745 539 1780 cum
562 1729 659 1795 scriptis
685 1731 800 1782 omnibus

120 1805 244 1858 bellarent.

160 1896 185 1947 3.
210 1879 270 1952 erae
290 1878 388 1945 (studia
399 1877 411 1942 l
424 1880 549 1940 vicerant,
566 1875 659 1945 publici
678 1876 801 1931 valebant.

120 1952 159 2002 lta
171 1954 257 2017 scripti
272 1953 367 2003 &editi
384 1969 470 2002 omnes
483 1965 541 2002 ante
555 1951 680 2018 Lipsium,
694 1968 743 2002 non
759 1955 800 2018 qui

120 2031 236 2078 vicerant.
249 2029 356 2076 Publicae
367 2025 522 2076 austeritatis
538 2025 576 2089 jus
588 2026 651 2091 apud
664 2025 799 2091 optimates

123 2114 177 2151 erat
187 2116 231 2150 eut
241 2102 371 2166 plebeios,
381 2111 457 2165 prout
468 2099 494 2148 hi
505 2101 545 2148 vel
559 2099 594 2148 illi
605 2101 726 2148 vicerant.

159 2191 185 2233 4.
197 2174 289 2222 Matios
297 2175 394 2238 porlhac
405 2171 428 2218 δ’
442 2169 541 2221 Vedios.
555 2169 587 2220 C·
604 2171 710 2220 Matium
722 2173 799 2220 intel·

122 2247 194 2313 tigit,
210 2247 236 2295 ἃ
249 2247 355 2296 Vedium
373 2244 528 2306 Pollionem,
543 2243 644 2312 Augusti
659 2244 803 2297 familiares.

120 2321 163 2373 De
179 2318 317 2383 posteriore
334 2318 393 2367 vide
414 2317 479 2367 Ann.
500 2333 531 2374 r,
556 2334 596 2368 ro.

158 2391 225 2442 Lxl.
240 2385 270 2441 r.
287 2391 322 2440 Ee
342 2390 433 2439 tantine
446 2392 484 2440 dei
503 2390 638 2454 ministram.
658 2391 690 2442 Et
706 2391 801 2444 AEttu·

120 2467 179 2534 iapii
196 2467 274 2516 cultui
292 2482 321 2515 ac
336 2466 468 2514 ministerio
487 2464 558 2517 unice
574 2465 698 2516 devotam.

122 2577 126 2582 -
158 2537 541 2603 Lxll.1.ArjueumAnelntum
565 2540 667 2590 Antonii
678 2539 800 2590 triumviri
840 2552 843 2556 ’

120 2625 234 2681 patrem,
253 2614 294 2680 qui
313 2623 413 2664 curator
432 2629 483 2663 otte
502 2613 628 2664 maritime
638 2645 647 2673 ,
665 2617 710 2663 sub
730 2614 802 2664 initia

120 2689 180 2738 belli
197 2687 301 2753 piratici.

158 2760 247 2811 Lxlll.
264 2758 521 2812 1.Praerisdlocorum
537 2759 652 2810 utilitate.
668 2759 724 2810 Hoc
744 2759 799 2820 eli,

119 2834 281 2901 pretetvisi,
300 2851 385 2901 parum
401 2833 479 2886 visis
500 2851 552 2902 quo
568 2851 643 2886 sensu
662 2833 801 2895 Horatius,

591 2927 710 2990 Rv·
