2000 3684
246 323 314 408 364
366 317 403 387 C.
431 318 575 387 Corn,
607 317 809 386 Tncrrr

241 439 482 498 nobilissimarum
511 434 680 496 feminarum
709 437 808 497 exsilia
835 445 864 496 δι
883 437 926 497 su·

244 539 304 602 gas.
335 517 404 580 Uni
430 515 523 576 adhuc
552 517 672 576 victorii
701 517 793 578 Carus
818 519 926 579 Metius

243 599 428 670 censebatur,
447 601 564 658 &intra
582 599 727 658 Albanam
746 599 848 657 villam
864 621 928 658 sen-

244 682 333 744 tentia
348 679 508 742 Messaliini
525 677 683 758 strepebat,
704 689 731 740 de
750 681 853 740 Massa
875 681 930 738 ue·

244 761 308 828 bins
329 766 389 840 jam
407 779 466 820 tum
487 780 548 819 reus
568 779 635 819 erar.
659 761 733 819 Mox
756 759 858 819 nostrae
880 761 930 821 du·

244 861 309 901 xere
326 841 492 903 Helvidium
512 843 541 899 in
565 861 702 900 carcerem
722 861 824 901 manus
847 864 855 900 t
878 863 933 902 nos

245 923 391 995 Maurici,
409 920 571 1002 Rusticique
585 924 681 993 visus,
703 943 756 982 nos
776 925 931 986 innocenti

245 1007 384 1088 sanguine
409 1004 527 1070 Senecio
562 1001 692 1082 perfudit.
720 1003 802 1062 Nero
829 1024 931 1064 tameo

246 1086 383 1153 subtraxit
406 1085 525 1154 oculos,
554 1085 686 1166 jussitque
716 1085 838 1155 scelera,
871 1107 933 1146 non

246 1168 383 1246 spectavit
401 1167 559 1245 :praecipua
577 1165 628 1224 sub
648 1167 818 1225 Domitiano
835 1167 932 1225 mise-

246 1251 353 1308 riarum
370 1266 524 1328 parserat,
539 1245 635 1306 videre
649 1255 676 1307 δι
690 1246 797 1326 adspici
816 1269 823 1302 z
837 1267 935 1328 quum

248 1330 365 1409 suspitia
384 1325 477 1390 nostra
497 1327 751 1388 subscriberemus:
769 1347 862 1408 quum
888 1327 937 1386 de-

249 1409 382 1474 notandis
395 1427 439 1470 ror
455 1405 606 1469 hominum
624 1409 774 1489 palloribus
792 1407 939 1468 sufficeret

250 1511 338 1558 savus
379 1491 426 1556 iile
465 1489 557 1552 vultus
586 1497 614 1552 δι
643 1491 761 1561 rubor,
793 1510 852 1588 quo
907 1511 938 1550 se

252 1593 349 1640 contra
381 1571 498 1638 udotem
513 1571 665 1634 muniebat.
686 1571 734 1631 Tu
751 1591 817 1629 vero
834 1569 936 1642 felix,

251 1593 408 1737 Agricoii‚
427 1675 485 1716 non
506 1655 570 1714 vitae
590 1671 700 1712 tantum
719 1652 863 1721 claritate,
885 1652 938 1712 sed

252 1739 340 1804 etiam
363 1733 572 1815 opportunitate
593 1735 711 1805 mortis,
732 1752 762 1792 ut
781 1728 942 1812 perbibent

253 1819 304 1898 qui
339 1815 523 1884 interfuerunt
559 1815 719 1876 novissimis
754 1814 940 1874 sermonibus

254 1900 332 1967 ruis,
353 1899 476 1978 constans
504 1894 531 1960 di
558 1897 645 1969 libens
663 1897 756 1974 fatum
783 1896 939 1975 excepisti,

252 1996 390 2059 tamquam
414 1999 466 2051 pro
493 1978 578 2042 virili
600 1978 726 2051 porcione
749 1977 941 2044 innocentiam

248 2059 374 2138 principi
391 2060 515 2123 donares.
539 2058 595 2120 Sed
614 2055 687 2122 nihi
707 2056 844 2138 filiaeque,
863 2077 942 2135 praa

158 2172 164 2184 ·
254 2159 296 2208 ter
327 2140 508 2204 acerbitatem
547 2141 667 2219 parentis
699 2139 811 2219 erepti,
846 2155 941 2220 auget

256 2220 451 2292 moestitiam,
490 2217 569 2300 qudd
602 2220 727 2286 adsidere
754 2217 914 2279 valetudini
929 2264 943 2290 ,

256 2302 352 2364 fovere
382 2300 577 2372 deficientem,
608 2304 702 2364 satiati
729 2300 822 2371 vultu,
853 2320 943 2358 com-2

257 2386 361 2465 plexu,
386 2405 445 2451 non
465 2384 611 2466 contigitr
635 2384 831 2464 excepissemus
858 2381 944 2440 certb

259 2465 394 2525 mandata
420 2485 579 2545 vocesque,
630 2485 678 2524 uas
706 2465 812 2544 penitus
832 2463 941 2522 animo

259 2544 417 2631 figeremus.
437 2543 539 2604 Noster
556 2485 714 2616 hindolor,
728 2542 852 2608 nostrum
872 2543 943 2602 vul-

261 2649 334 2704 nus:
349 2628 431 2688 nobis
445 2645 505 2685 tam
523 2627 615 2710 longe
627 2627 759 2686 absentiae
771 2622 942 2686 conditione

260 2727 328 2780 ente
365 2707 581 2796 quadriennium
613 2710 732 2776 amissus
759 2727 797 2774 es.
827 2705 943 2772 Omnia
