2000 3684
236 375 308 442 274
360 353 397 423 C.
425 355 572 424 Coun,
604 355 795 423 YActuu

234 475 540 552 lidenatempraeftnmt
553 497 565 533 t
577 475 607 533 si
615 475 821 548 pervenerint,
835 473 929 535 liber-

234 575 319 615 tatem
338 557 428 628 ipsum
443 556 642 635 aggredientur.
661 555 771 637 Frustra
790 559 927 616 cassim

233 637 384 717 amovisti,
404 638 432 695 si
454 639 568 716 glitten
596 633 625 696 ἃ
647 639 738 716 vigeri
764 637 927 697 Bmtonou

233 719 344 777 mulos
358 740 493 792 pussuncs
513 739 552 776 cs.
574 717 792 794 Deniquenilcil
807 720 873 793 ipse
892 723 925 778 dc

240 798 365 858 Hruseo
379 800 543 874 scripseris,
563 800 769 873 disceptatorem
788 819 927 860 senatum

233 879 313 938 nobis
349 882 478 958 nisuque.
514 879 637 939 Extollit
669 878 710 938 iri
749 899 925 959 promptum

216 960 402 1022 -Cossutiani
412 963 541 1021 animum
552 960 633 1020 Nero
645 957 824 1041 z‘adjicitque
837 964 926 1024 Mas·

234 1043 339 1102 cellum
357 1044 497 1123 Epsium,
514 1043 573 1100 acti
591 1039 760 1123 eloquendi„

277 1123 389 1184 XXIII.
415 1125 456 1184 At
480 1123 599 1183 Baream
619 1124 757 1184 Soranum
775 1127 848 1201 jam
868 1125 926 1184 sibi

234 1202 368 1264 Ostorius
391 1205 534 1274 Sabinus,
559 1225 645 1285 eques
664 1204 840 1275 Romanus,
864 1227 924 1286 po-

236 1306 364 1366 poscerat
382 1307 480 1357 reum,
502 1305 537 1344 ex
553 1285 751 1365 proconsuIatu
768 1285 877 1357 Asiz,
892 1289 924 1347 in

236 1387 294 1448 qua
323 1365 494 1428 offensiones
524 1367 658 1446 principis
683 1367 779 1436 auxit,
812 1366 925 1445 justini

235 1467 324 1529 atque
343 1447 477 1509 industrii
500 1471 508 1505 τ
528 1456 557 1507 δι
576 1449 644 1529 quia
663 1449 753 1528 portui
769 1445 925 1528 Ephesio·

237 1550 300 1589 rum
316 1530 467 1611 aperiendo
484 1549 580 1588 cusam
599 1531 780 1610 insumpserat
802 1552 813 1586 z
839 1534 922 1591 vim·

236 1631 293 1692 que
330 1613 450 1672 civitatis
485 1611 665 1692 Pergamenae
688 1659 700 1682 ,
736 1607 923 1691 prohibentis

237 1693 396 1763 Acratum,
425 1693 545 1754 Caesaris
573 1691 724 1762 libertum,
755 1689 869 1753 statuas
894 1703 923 1755 dt

236 1773 358 1852 pidaras
383 1771 522 1844 avehere,
544 1773 666 1834 inultam
688 1773 833 1832 omiserat.
865 1775 922 1836 Sed

236 1856 350 1914 crimini
368 1854 487 1916 dabatur
498 1855 624 1913 anticicia
634 1855 749 1924 Plauti,
760 1851 787 1914 ἃ
797 1857 923 1917 ambitio

222 1938 415 1996 ¹concilianda
421 1936 572 2011 provincio
583 1939 623 1995 ud
634 1960 697 2012 spcs
710 1958 808 1995 novus.
831 1935 923 1999 Tem·

236 2037 289 2097 pus
302 2017 481 2082 damnationi
497 2017 656 2089 delectum,
675 2039 732 2100 quo
752 2010 921 2092 Tiridata,

238 2099 408 2179 accipiendo
422 2099 563 2159 Armeniae
585 2121 692 2184 regno,
711 2098 890 2160 adventabat
912 2127 920 2160 ε

235 2199 269 2238 ut
288 2180 325 2240 ad
342 2200 454 2241 externa
473 2181 633 2240 tumoribus
648 2178 810 2240 intestinum
829 2183 923 2243 scelus

235 2261 451 2334 obscuraretur,
476 2285 534 2332 an,
558 2281 589 2321 ut
607 2261 836 2344 magnitudinem
858 2266 921 2322 im-

230 2345 406 2424 peratoriam
424 2343 497 2403 caede
512 2345 666 2427 insignium
681 2345 802 2404 virorum
811 2389 824 2413 ‚
837 2349 925 2426 quusi

227 2423 266 2482 ‘se
288 2425 317 2484 io
340 2425 484 2496 facinore,
508 2423 668 2506 ostentaret

310 2507 393 2568 XIV.
427 2507 517 2590 Igitur
539 2509 620 2566 omni
644 2507 758 2566 civitate
778 2504 812 2565 ad
837 2511 923 2567 exci—

235 2587 372 2668 piendum
401 2590 574 2669 principem,
604 2587 845 2669 speiiandumque
871 2611 921 2648 te-

236 2691 323 2751 gem,
345 2667 453 2741 effusi,
475 2666 621 2740 Thrasea,
645 2691 762 2729 occursu
787 2667 925 2748 prohibi-

227 2767 299 2822 tus,
316 2773 375 2811 non
390 2751 504 2812 demisit
523 2753 652 2812 animum
672 2751 749 2810 :sed
771 2749 925 2812 codicillos

228 2831 273 2892 ud
286 2832 430 2896 Neronem
447 2833 624 2914 composuit,
642 2834 786 2914 requirens
800 2830 924 2912 objecto,
