2000 3684
166 344 418 417 AuuArrurr
440 348 526 418 Lru.
551 347 633 420 r'V.
679 369 749 439 249

70 469 159 528 ceteri
176 469 352 528 centuriones
368 470 399 528 in
412 469 597 549 perpetiendis
608 472 753 552 suppliciis

71 551 287 644 degeneravere.
317 551 358 608 At
386 571 445 609 uon
472 551 561 610 Fenio
590 551 669 612 Rufo
701 573 753 634 par

69 651 203 702 animus,
228 630 276 690 sed
297 631 514 691 lamentationes
531 653 594 691 suas
613 636 698 693 etiarn
719 637 750 696 in

69 712 270 774 testamentum
301 713 428 773 contulit.
455 712 662 793 Opperiebatur
686 711 752 774 Ne·

69 815 120 864 το,
143 813 175 854 ut
190 791 324 853 Vestinus
339 813 453 874 quoque
474 795 573 853 consul
592 795 622 853 in
644 797 751 859 crimen

68 872 243 945 traheretur,
263 875 469 934 violentum&
486 873 629 934 infensum
648 895 751 938 ratast

71 956 120 1016 sed
139 976 173 1016 ex
190 957 340 1034 conjuratis
353 955 471 1016 consilia
485 976 550 1014 curu
561 955 682 1016 Vestino
692 975 752 1020 nou

71 1039 260 1106 miscuerant,
281 1035 416 1117 quidam,
437 1035 553 1096 vetustis
571 1039 687 1117 ineunt
707 1042 751 1099 si·

70 1118 262 1186 multatibus,
287 1118 401 1198 plures,
429 1120 496 1198 quia
522 1120 691 1199 praecipitem
723 1129 754 1182 α

71 1199 269 1260 insociabilem
289 1198 446 1258 credebant.
471 1197 605 1260 Cetertim
628 1201 754 1264 Neronis

71 1280 174 1340 odium
193 1279 321 1340 adversus
335 1279 484 1342 Vestinum
502 1301 536 1339 ex
552 1282 655 1344 intirtra
669 1283 753 1345 toda·

69 1363 153 1428 litate
176 1379 311 1441 coeperat,
327 1361 396 1421 dum
417 1359 463 1420 hic
478 1364 626 1444 ignaviam
646 1365 753 1444 princi·

71 1445 117 1525 pis
140 1445 250 1522 penitus
274 1445 420 1525 cognitam
442 1443 580 1524 despicit,
599 1446 648 1504 ille
669 1444 750 1504 fero·

71 1527 151 1586 ciam
173 1526 260 1584 amici
281 1525 402 1594 metuit,
425 1544 496 1606 sape
519 1527 622 1603 asperis
641 1524 752 1587 facetiis

70 1607 179 1666 inlusus
188 1629 198 1676 3
215 1627 277 1685 quae
293 1604 342 1663 ubi
361 1605 482 1664 multum
498 1625 533 1664 ex
545 1625 612 1664 vero
628 1623 752 1678 traxere,

69 1709 168 1748 acrern
194 1689 236 1748 sui
262 1688 431 1746 memoriam
450 1688 621 1766 relinquunt.
640 1686 752 1746 Acces-

69 1787 145 1830 serat
169 1789 263 1827 recens
287 1789 388 1838 causa,
409 1764 487 1848 quod
505 1765 638 1827 Vestinus
657 1769 751 1829 Stati·

68 1850 142 1911 liam
161 1847 356 1910 Messallinaru
374 1850 559 1908 matrimonio
579 1849 635 1908 sibi
645 1854 750 1929 junxe÷

69 1951 136 2002 tat,
160 1927 236 1990 haud
253 1933 377 2002 nescius,
400 1932 471 1992 inter
489 1930 629 1992 adulteros
646 1937 704 2011 ejus
722 1941 753 1994 &¹

68 2011 216 2074 Caesarem
240 2033 305 2073 esse.

111 2091 221 2154 LXIX.
240 2093 253 2154 I
275 2091 329 2153 itur
348 2115 407 2154 uon
429 2095 560 2164 crimine,
580 2116 641 2154 non
660 2115 750 2156 accu-

66 2193 165 2238 satore
187 2175 240 2236 exs'
268 2194 350 2245 ente,
365 2177 432 2256 quia
451 2178 574 2254 speciem
587 2175 687 2253 judicis
703 2179 752 2237 irr-

66 2257 154 2317 duere
178 2277 238 2315 uon
257 2275 385 2336 poterat,
408 2255 444 2316 ad
466 2257 528 2316 viru
546 2255 752 2319 dominationis

66 2357 237 2407 conversus,
268 2337 460 2408 Gerelanurn,
489 2339 653 2408 tribunum,
684 2359 753 2402 cunt

65 2416 189 2478 cohorte
211 2418 335 2480 militum
357 2420 503 2478 immitit:
524 2420 656 2501 jubetque
674 2443 751 2495 pne*

65 2503 167 2564 venire
183 2518 296 2560 conatus
313 2502 454 2570 consulis,
467 2523 593 2575 occupare
609 2503 688 2563 velut
703 2522 752 2562 ar·

67 2604 126 2642 cem
146 2582 227 2662 ejus,
244 2583 391 2654 opprimere
406 2584 534 2642 delerram
542 2584 717 2663 juventutem
739 2609 752 2643 s

67 2665 138 2744 quia
157 2660 290 2722 Vestinus
307 2657 486 2722 imminentes
505 2662 569 2722 foro
586 2663 675 2733 aedes,
695 2664 769 2724 dee·

67 2763 194 2824 totaque
221 2744 350 2814 seruitia,
374 2752 402 2803 δι
426 2745 486 2823 pari
508 2763 587 2804 aetate
617 2742 751 2808 habebare

67 2825 187 2892 Cunila
201 2845 239 2890 ,eo
259 2823 307 2886 <lie
318 2826 415 2912 ruunia
432 2826 553 2911 consulis
569 2826 752 2906 impleuerat,

569 2907 594 2966 L
611 2929 631 2968 v
