<?xml version="1.0" encoding="UTF-8"?>
<!DOCTYPE html PUBLIC "-//W3C//DTD XHTML 1.0 Transitional//EN"
    "http://www.w3.org/TR/xhtml1/DTD/xhtml1-transitional.dtd">
<html xmlns="http://www.w3.org/1999/xhtml" xml:lang="en" lang="en">
 <head>
  <title>
</title>
<meta http-equiv="Content-Type" content="text/html;charset=utf-8" />
  <meta name='ocr-system' content='tesseract 3.04.00' />
  <meta name='ocr-capabilities' content='ocr_page ocr_carea ocr_par ocr_line ocrx_word'/>
</head>
<body>
  <div class='ocr_page' id='page_1' title='image "./ccorneliitaciti01lallgoog_0256.png"; bbox 0 0 2000 3684; ppageno 0'>
   <div class='ocr_carea' id='block_1_1' title="bbox 257 285 849 408">
    <p class='ocr_par' dir='ltr' id='par_1_1' title="bbox 257 285 849 408">
     <span class='ocr_line' id='line_1_1' title="bbox 257 285 849 408; baseline 0.005 -19"><span class='ocrx_word' id='word_1_1' title='bbox 257 285 344 408; x_wconf 37' lang='lat'>‚244&#39;</span> <span class='ocrx_word' id='word_1_2' title='bbox 379 321 415 390; x_wconf 88' lang='lat' dir='ltr'><em>C.</em></span> <span class='ocrx_word' id='word_1_3' title='bbox 449 319 594 392; x_wconf 65' lang='lat' dir='ltr'><em>Coun.</em></span> <span class='ocrx_word' id='word_1_4' title='bbox 627 319 849 392; x_wconf 65' lang='lat' dir='ltr'><em>Tucim</em></span> 
     </span>
    </p>
   </div>
   <div class='ocr_carea' id='block_1_2' title="bbox 166 437 988 2711">
    <p class='ocr_par' dir='ltr' id='par_1_2' title="bbox 166 437 988 2711">
     <span class='ocr_line' id='line_1_2' title="bbox 253 437 987 526; baseline 0.008 -26"><span class='ocrx_word' id='word_1_5' title='bbox 253 437 384 502; x_wconf 87' lang='lat' dir='ltr'><em>firmavit.</em></span> <span class='ocrx_word' id='word_1_6' title='bbox 401 441 480 526; x_wconf 84' lang='lat' dir='ltr'><em>Ergo</em></span> <span class='ocrx_word' id='word_1_7' title='bbox 502 443 623 522; x_wconf 75' lang='lat' dir='ltr'><em>regredi,</em></span> <span class='ocrx_word' id='word_1_8' title='bbox 638 439 666 502; x_wconf 72' lang='lat' dir='ltr'><em>o</em></span> <span class='ocrx_word' id='word_1_9' title='bbox 681 445 807 503; x_wconf 78' lang='lat' dir='ltr'><em>indicere</em></span> <span class='ocrx_word' id='word_1_10' title='bbox 831 463 936 506; x_wconf 81' lang='lat' dir='ltr'><em>monere</em></span> <span class='ocrx_word' id='word_1_11' title='bbox 986 502 987 513; x_wconf 69' lang='grc'>,</span> 
     </span>
     <span class='ocr_line' id='line_1_3' title="bbox 252 520 987 602; baseline 0.008 -22"><span class='ocrx_word' id='word_1_12' title='bbox 252 522 371 602; x_wconf 75' lang='lat' dir='ltr'><em>jubetur.</em></span> <span class='ocrx_word' id='word_1_13' title='bbox 392 521 494 584; x_wconf 82' lang='lat' dir='ltr'>Tradit</span> <span class='ocrx_word' id='word_1_14' title='bbox 516 523 621 582; x_wconf 87' lang='lat' dir='ltr'>Fabius</span> <span class='ocrx_word' id='word_1_15' title='bbox 638 521 789 595; x_wconf 84' lang='lat' dir='ltr'><em>Rusticus,</em></span> <span class='ocrx_word' id='word_1_16' title='bbox 814 549 874 586; x_wconf 89' lang='lat' dir='ltr'><em>non</em></span> <span class='ocrx_word' id='word_1_17' title='bbox 892 549 934 596; x_wconf 88' lang='lat' dir='ltr'><em>eo,</em></span> <span class='ocrx_word' id='word_1_18' title='bbox 986 520 987 525; x_wconf 8' lang='grc' dir='ltr'>ἵ</span> 
     </span>
     <span class='ocr_line' id='line_1_4' title="bbox 253 605 988 686; baseline 0.012 -26"><span class='ocrx_word' id='word_1_19' title='bbox 253 622 304 680; x_wconf 85' lang='lat' dir='ltr'><em>quo</em></span> <span class='ocrx_word' id='word_1_20' title='bbox 319 623 454 676; x_wconf 81' lang='lat' dir='ltr'><em>venerat,</em></span> <span class='ocrx_word' id='word_1_21' title='bbox 475 605 574 665; x_wconf 86' lang='lat' dir='ltr'><em>itinere</em></span> <span class='ocrx_word' id='word_1_22' title='bbox 595 607 729 677; x_wconf 88' lang='lat' dir='ltr'><em>reditum,</em></span> <span class='ocrx_word' id='word_1_23' title='bbox 754 609 811 668; x_wconf 86' lang='lat' dir='ltr'><em>sed</em></span> <span class='ocrx_word' id='word_1_24' title='bbox 821 609 934 686; x_wconf 80' lang='lat' dir='ltr'><em>flexisse</em></span> <span class='ocrx_word' id='word_1_25' title='bbox 987 660 988 669; x_wconf 70' lang='grc'>,</span> 
     </span>
     <span class='ocr_line' id='line_1_5' title="bbox 253 683 934 764; baseline 0.009 -22"><span class='ocrx_word' id='word_1_26' title='bbox 253 686 291 742; x_wconf 86' lang='lat' dir='ltr'><em>ad</em></span> <span class='ocrx_word' id='word_1_27' title='bbox 304 683 420 744; x_wconf 83' lang='lat' dir='ltr'><em>Fenium</em></span> <span class='ocrx_word' id='word_1_28' title='bbox 433 685 605 764; x_wconf 60' lang='lat' dir='ltr'><em>prestetum,</em></span> <span class='ocrx_word' id='word_1_29' title='bbox 623 683 650 746; x_wconf 70' lang='grc' dir='ltr'><em>δ’</em></span> <span class='ocrx_word' id='word_1_30' title='bbox 667 689 807 760; x_wconf 82' lang='lat' dir='ltr'><em>expositis</em></span> <span class='ocrx_word' id='word_1_31' title='bbox 824 690 934 748; x_wconf 66' lang='lat' dir='ltr'><em>(meru</em></span> 
     </span>
     <span class='ocr_line' id='line_1_6' title="bbox 245 765 932 846; baseline 0.006 -24"><span class='ocrx_word' id='word_1_32' title='bbox 245 765 339 846; x_wconf 73' lang='lat' dir='ltr'><em>jussis</em></span> <span class='ocrx_word' id='word_1_33' title='bbox 350 812 362 836; x_wconf 93' lang='lat'><em>,</em></span> <span class='ocrx_word' id='word_1_34' title='bbox 388 789 424 825; x_wconf 88' lang='lat' dir='ltr'><em>art</em></span> <span class='ocrx_word' id='word_1_35' title='bbox 449 766 661 842; x_wconf 77' lang='lat' dir='ltr'><em>obtemperaret,</em></span> <span class='ocrx_word' id='word_1_36' title='bbox 680 769 932 846; x_wconf 74' lang='lat' dir='ltr'><em>interrogavisset</em></span> 
     </span>
     <span class='ocr_line' id='line_1_7' title="bbox 254 847 934 924; baseline 0.001 -18"><span class='ocrx_word' id='word_1_37' title='bbox 254 847 434 924; x_wconf 79' lang='lat' dir='ltr'><em>monitumque</em></span> <span class='ocrx_word' id='word_1_38' title='bbox 454 847 488 905; x_wconf 78' lang='lat' dir='ltr'><em>ab</em></span> <span class='ocrx_word' id='word_1_39' title='bbox 507 870 558 919; x_wconf 89' lang='lat' dir='ltr'><em>eo,</em></span> <span class='ocrx_word' id='word_1_40' title='bbox 576 866 608 905; x_wconf 85' lang='lat' dir='ltr'><em>ut</em></span> <span class='ocrx_word' id='word_1_41' title='bbox 626 866 819 924; x_wconf 80' lang='lat' dir='ltr'><em>exsequeretur</em></span> <span class='ocrx_word' id='word_1_42' title='bbox 826 872 844 921; x_wconf 77' lang='lat'><em>‚-</em></span> <span class='ocrx_word' id='word_1_43' title='bbox 862 849 934 909; x_wconf 83' lang='lat' dir='ltr'><em>fatali</em></span> 
     </span>
     <span class='ocr_line' id='line_1_8' title="bbox 166 924 935 1010; baseline 0.005 -25"><span class='ocrx_word' id='word_1_44' title='bbox 166 924 168 930; x_wconf 81' lang='grc'><strong>’</strong></span> <span class='ocrx_word' id='word_1_45' title='bbox 255 929 386 992; x_wconf 83' lang='lat' dir='ltr'><em>omnium</em></span> <span class='ocrx_word' id='word_1_46' title='bbox 405 926 548 1010; x_wconf 69' lang='lat' dir='ltr'><em>ignatii:</em></span> <span class='ocrx_word' id='word_1_47' title='bbox 572 949 640 987; x_wconf 83' lang='lat' dir='ltr'><em>nant</em></span> <span class='ocrx_word' id='word_1_48' title='bbox 658 937 685 988; x_wconf 78' lang='lat' dir='ltr'><em>tt</em></span> <span class='ocrx_word' id='word_1_49' title='bbox 705 928 847 989; x_wconf 83' lang='lat' dir='ltr'><em>Silvanus</em></span> <span class='ocrx_word' id='word_1_50' title='bbox 873 933 935 989; x_wconf 82' lang='lat' dir='ltr'><em>inter</em></span> 
     </span>
     <span class='ocr_line' id='line_1_9' title="bbox 256 1010 934 1092; baseline 0.004 -24"><span class='ocrx_word' id='word_1_51' title='bbox 256 1013 416 1086; x_wconf 75' lang='lat' dir='ltr'><em>conjuratos</em></span> <span class='ocrx_word' id='word_1_52' title='bbox 444 1027 526 1080; x_wconf 84' lang='lat' dir='ltr'><em>erat,</em></span> <span class='ocrx_word' id='word_1_53' title='bbox 552 1010 728 1092; x_wconf 83' lang='lat' dir='ltr'><em>augebatque</em></span> <span class='ocrx_word' id='word_1_54' title='bbox 755 1010 934 1083; x_wconf 86' lang='lat' dir='ltr'><em>scelera,in</em></span> 
     </span>
     <span class='ocr_line' id='line_1_10' title="bbox 256 1089 935 1172; baseline 0.003 -24"><span class='ocrx_word' id='word_1_55' title='bbox 256 1111 377 1172; x_wconf 87' lang='lat' dir='ltr'><em>quorutn</em></span> <span class='ocrx_word' id='word_1_56' title='bbox 407 1089 547 1149; x_wconf 87' lang='lat' dir='ltr'><em>ultionem</em></span> <span class='ocrx_word' id='word_1_57' title='bbox 571 1108 753 1151; x_wconf 79' lang='lat' dir='ltr'><em>consenserat.</em></span> <span class='ocrx_word' id='word_1_58' title='bbox 783 1091 875 1150; x_wconf 89' lang='lat' dir='ltr'><em>Voci</em></span> <span class='ocrx_word' id='word_1_59' title='bbox 897 1111 935 1150; x_wconf 83' lang='lat' dir='ltr'><em>ta-</em></span> 
     </span>
     <span class='ocr_line' id='line_1_11' title="bbox 255 1168 936 1253; baseline 0.001 -25"><span class='ocrx_word' id='word_1_60' title='bbox 255 1189 321 1229; x_wconf 88' lang='lat' dir='ltr'><em>men</em></span> <span class='ocrx_word' id='word_1_61' title='bbox 351 1179 379 1230; x_wconf 90' lang='lat'>&amp;</span> <span class='ocrx_word' id='word_1_62' title='bbox 401 1169 545 1252; x_wconf 60' lang='lat' dir='ltr'><em>adspectui</em></span> <span class='ocrx_word' id='word_1_63' title='bbox 566 1173 695 1252; x_wconf 78' lang='lat' dir='ltr'><em>pepercit.</em></span> <span class='ocrx_word' id='word_1_64' title='bbox 720 1168 936 1253; x_wconf 84' lang='lat' dir='ltr'><em>Inttomisitque</em></span> 
     </span>
     <span class='ocr_line' id='line_1_12' title="bbox 255 1250 936 1335; baseline 0.003 -25"><span class='ocrx_word' id='word_1_65' title='bbox 255 1251 292 1318; x_wconf 85' lang='lat' dir='ltr'><em>ad</em></span> <span class='ocrx_word' id='word_1_66' title='bbox 312 1250 448 1320; x_wconf 83' lang='lat' dir='ltr'><em>Senecam</em></span> <span class='ocrx_word' id='word_1_67' title='bbox 470 1273 561 1330; x_wconf 10' lang='lat' dir='ltr'><em>unum*</em></span> <span class='ocrx_word' id='word_1_68' title='bbox 580 1273 614 1311; x_wconf 87' lang='lat' dir='ltr'><em>ex</em></span> <span class='ocrx_word' id='word_1_69' title='bbox 635 1253 876 1326; x_wconf 83' lang='lat' dir='ltr'><em>centurionibus,</em></span> <span class='ocrx_word' id='word_1_70' title='bbox 893 1254 936 1335; x_wconf 86' lang='lat' dir='ltr'><em>qui</em></span> 
     </span>
     <span class='ocr_line' id='line_1_13' title="bbox 256 1332 845 1421; baseline 0.002 -30"><span class='ocrx_word' id='word_1_71' title='bbox 256 1335 446 1398; x_wconf 81' lang='lat' dir='ltr'><em>necessitatem</em></span> <span class='ocrx_word' id='word_1_72' title='bbox 467 1335 593 1393; x_wconf 83' lang='lat' dir='ltr'><em>ultimam</em></span> <span class='ocrx_word' id='word_1_73' title='bbox 610 1332 795 1421; x_wconf 56' lang='lat' dir='ltr'><em>denuntiaret</em></span> <span class='ocrx_word' id='word_1_74' title='bbox 840 1385 845 1398; x_wconf 84' lang='grc'><em>,</em></span> 
     </span>
     <span class='ocr_line' id='line_1_14' title="bbox 253 1413 938 1495; baseline 0.003 -21"><span class='ocrx_word' id='word_1_75' title='bbox 253 1441 256 1446; x_wconf 91' lang='grc'><em>·</em></span> <span class='ocrx_word' id='word_1_76' title='bbox 298 1413 391 1475; x_wconf 85' lang='lat' dir='ltr'>LXII.</span> <span class='ocrx_word' id='word_1_77' title='bbox 421 1413 472 1474; x_wconf 88' lang='lat' dir='ltr'><em>Ille</em></span> <span class='ocrx_word' id='word_1_78' title='bbox 501 1415 641 1475; x_wconf 79' lang='lat' dir='ltr'><em>interritus</em></span> <span class='ocrx_word' id='word_1_79' title='bbox 666 1416 755 1494; x_wconf 85' lang='lat' dir='ltr'><em>poscit</em></span> <span class='ocrx_word' id='word_1_80' title='bbox 783 1413 938 1495; x_wconf 77' lang='lat' dir='ltr'><em>teslementi</em></span> 
     </span>
     <span class='ocr_line' id='line_1_15' title="bbox 258 1495 936 1579; baseline 0.004 -25"><span class='ocrx_word' id='word_1_81' title='bbox 258 1495 367 1562; x_wconf 83' lang='lat' dir='ltr'><em>tabulas</em></span> <span class='ocrx_word' id='word_1_82' title='bbox 389 1519 399 1554; x_wconf 83' lang='lat'><em>.·</em></span> <span class='ocrx_word' id='word_1_83' title='bbox 419 1515 451 1556; x_wconf 88' lang='lat' dir='ltr'><em>ac</em></span> <span class='ocrx_word' id='word_1_84' title='bbox 474 1495 631 1579; x_wconf 85' lang='lat' dir='ltr'><em>denegante</em></span> <span class='ocrx_word' id='word_1_85' title='bbox 654 1497 839 1568; x_wconf 88' lang='lat' dir='ltr'><em>centurione,</em></span> <span class='ocrx_word' id='word_1_86' title='bbox 866 1518 936 1556; x_wconf 85' lang='lat' dir='ltr'><em>ton·</em></span> 
     </span>
     <span class='ocr_line' id='line_1_16' title="bbox 258 1575 940 1658; baseline 0.001 -22"><span class='ocrx_word' id='word_1_87' title='bbox 258 1598 350 1658; x_wconf 68' lang='lat' dir='ltr'><em>qetsus</em></span> <span class='ocrx_word' id='word_1_88' title='bbox 378 1575 414 1637; x_wconf 88' lang='lat' dir='ltr'><em>ad</em></span> <span class='ocrx_word' id='word_1_89' title='bbox 437 1580 566 1648; x_wconf 83' lang='lat' dir='ltr'><em>amicos,</em></span> <span class='ocrx_word' id='word_1_90' title='bbox 590 1580 696 1654; x_wconf 82' lang='lat' dir='ltr'><em>quando</em></span> <span class='ocrx_word' id='word_1_91' title='bbox 716 1579 822 1635; x_wconf 84' lang='lat' dir='ltr'><em>meritis</em></span> <span class='ocrx_word' id='word_1_92' title='bbox 849 1599 940 1637; x_wconf 85' lang='lat' dir='ltr'><em>eonon</em></span> 
     </span>
     <span class='ocr_line' id='line_1_17' title="bbox 259 1657 941 1738; baseline 0.006 -22"><span class='ocrx_word' id='word_1_93' title='bbox 259 1659 354 1738; x_wconf 85' lang='lat' dir='ltr'><em>referre</em></span> <span class='ocrx_word' id='word_1_94' title='bbox 382 1659 503 1737; x_wconf 78' lang='lat' dir='ltr'><em>gratiam</em></span> <span class='ocrx_word' id='word_1_95' title='bbox 526 1657 734 1732; x_wconf 80' lang='lat' dir='ltr'><em>prohiberetur,</em></span> <span class='ocrx_word' id='word_1_96' title='bbox 762 1661 838 1734; x_wconf 87' lang='lat' dir='ltr'><em>quod</em></span> <span class='ocrx_word' id='word_1_97' title='bbox 860 1681 941 1720; x_wconf 86' lang='lat' dir='ltr'><em>untent</em></span> 
     </span>
     <span class='ocr_line' id='line_1_18' title="bbox 250 1737 941 1821; baseline 0.003 -24"><span class='ocrx_word' id='word_1_98' title='bbox 250 1739 339 1821; x_wconf 76' lang='lat' dir='ltr'><em>jam,-</em></span> <span class='ocrx_word' id='word_1_99' title='bbox 355 1737 381 1800; x_wconf 72' lang='grc' dir='ltr'><em>ὃ·</em></span> <span class='ocrx_word' id='word_1_100' title='bbox 398 1758 488 1798; x_wconf 79' lang='lat' dir='ltr'><em>tentent</em></span> <span class='ocrx_word' id='word_1_101' title='bbox 501 1739 712 1814; x_wconf 77' lang='lat' dir='ltr'><em>pulcherrimum</em></span> <span class='ocrx_word' id='word_1_102' title='bbox 728 1737 846 1809; x_wconf 79' lang='lat' dir='ltr'><em>hebeat,</em></span> <span class='ocrx_word' id='word_1_103' title='bbox 869 1741 941 1799; x_wconf 85' lang='lat' dir='ltr'><em>ime·</em></span> 
     </span>
     <span class='ocr_line' id='line_1_19' title="bbox 257 1817 942 1902; baseline 0.007 -25"><span class='ocrx_word' id='word_1_104' title='bbox 257 1821 349 1902; x_wconf 77' lang='lat' dir='ltr'><em>ginem</em></span> <span class='ocrx_word' id='word_1_105' title='bbox 368 1820 435 1880; x_wconf 78' lang='lat' dir='ltr'><em>uites</em></span> <span class='ocrx_word' id='word_1_106' title='bbox 456 1841 512 1881; x_wconf 80' lang='lat' dir='ltr'><em>suta</em></span> <span class='ocrx_word' id='word_1_107' title='bbox 529 1821 677 1898; x_wconf 80' lang='lat' dir='ltr'><em>relinquere</em></span> <span class='ocrx_word' id='word_1_108' title='bbox 695 1817 806 1878; x_wconf 83' lang='lat' dir='ltr'><em>testatur</em></span> <span class='ocrx_word' id='word_1_109' title='bbox 830 1841 840 1876; x_wconf 77' lang='lat' dir='ltr'><em>t</em></span> <span class='ocrx_word' id='word_1_110' title='bbox 865 1825 942 1902; x_wconf 78' lang='lat' dir='ltr'><em>eujus</em></span> 
     </span>
     <span class='ocr_line' id='line_1_20' title="bbox 260 1901 943 1978; baseline 0 -17"><span class='ocrx_word' id='word_1_111' title='bbox 260 1902 289 1961; x_wconf 86' lang='lat' dir='ltr'><em>si</em></span> <span class='ocrx_word' id='word_1_112' title='bbox 304 1923 433 1961; x_wconf 86' lang='lat' dir='ltr'><em>memores</em></span> <span class='ocrx_word' id='word_1_113' title='bbox 450 1920 540 1962; x_wconf 80' lang='lat' dir='ltr'><em>essent</em></span> <span class='ocrx_word' id='word_1_114' title='bbox 552 1901 682 1960; x_wconf 83' lang='lat' dir='ltr'><em>bonarum</em></span> <span class='ocrx_word' id='word_1_115' title='bbox 699 1903 815 1970; x_wconf 81' lang='lat' dir='ltr'><em>onium,</em></span> <span class='ocrx_word' id='word_1_116' title='bbox 827 1902 943 1978; x_wconf 74' lang='lat' dir='ltr'><em>furnum</em></span> 
     </span>
     <span class='ocr_line' id='line_1_21' title="bbox 262 1981 944 2063; baseline 0.003 -24"><span class='ocrx_word' id='word_1_117' title='bbox 262 1998 320 2040; x_wconf 87' lang='lat' dir='ltr'><em>tom</em></span> <span class='ocrx_word' id='word_1_118' title='bbox 329 1983 475 2063; x_wconf 81' lang='lat' dir='ltr'><em>constantis</em></span> <span class='ocrx_word' id='word_1_119' title='bbox 485 1983 615 2042; x_wconf 74' lang='lat' dir='ltr'><em>amicitia</em></span> <span class='ocrx_word' id='word_1_120' title='bbox 623 1983 737 2042; x_wconf 85' lang='lat' dir='ltr'><em>loturos.</em></span> <span class='ocrx_word' id='word_1_121' title='bbox 748 1981 842 2042; x_wconf 83' lang='lat' dir='ltr'><em>Simul</em></span> <span class='ocrx_word' id='word_1_122' title='bbox 852 1983 944 2063; x_wconf 78' lang='lat' dir='ltr'><em>lacry-</em></span> 
     </span>
     <span class='ocr_line' id='line_1_22' title="bbox 262 2060 944 2134; baseline 0.004 -14"><span class='ocrx_word' id='word_1_123' title='bbox 262 2080 323 2122; x_wconf 87' lang='lat' dir='ltr'><em>mas</em></span> <span class='ocrx_word' id='word_1_124' title='bbox 334 2083 449 2134; x_wconf 87' lang='lat' dir='ltr'><em>eorum,</em></span> <span class='ocrx_word' id='word_1_125' title='bbox 459 2061 548 2123; x_wconf 82' lang='lat' dir='ltr'><em>modb</em></span> <span class='ocrx_word' id='word_1_126' title='bbox 557 2083 684 2124; x_wconf 84' lang='lat' dir='ltr'><em>sermone</em></span> <span class='ocrx_word' id='word_1_127' title='bbox 691 2107 700 2133; x_wconf 92' lang='lat'><em>,</em></span> <span class='ocrx_word' id='word_1_128' title='bbox 708 2060 796 2121; x_wconf 79' lang='lat' dir='ltr'><em>modb</em></span> <span class='ocrx_word' id='word_1_129' title='bbox 804 2063 944 2123; x_wconf 84' lang='lat' dir='ltr'><em>intention</em></span> 
     </span>
     <span class='ocr_line' id='line_1_23' title="bbox 261 2141 943 2214; baseline 0.004 -12"><span class='ocrx_word' id='word_1_130' title='bbox 261 2143 293 2208; x_wconf 86' lang='lat' dir='ltr'><em>in</em></span> <span class='ocrx_word' id='word_1_131' title='bbox 316 2143 435 2206; x_wconf 87' lang='lat' dir='ltr'><em>modum</em></span> <span class='ocrx_word' id='word_1_132' title='bbox 465 2145 637 2214; x_wconf 85' lang='lat' dir='ltr'><em>coercentis,</em></span> <span class='ocrx_word' id='word_1_133' title='bbox 666 2143 704 2203; x_wconf 89' lang='lat' dir='ltr'><em>ad</em></span> <span class='ocrx_word' id='word_1_134' title='bbox 733 2141 943 2205; x_wconf 85' lang='lat' dir='ltr'><em>firmimdinetn</em></span> 
     </span>
     <span class='ocr_line' id='line_1_24' title="bbox 262 2225 943 2310; baseline 0.001 -27"><span class='ocrx_word' id='word_1_135' title='bbox 262 2244 395 2299; x_wconf 71' lang='lat' dir='ltr'><em>revocat,</em></span> <span class='ocrx_word' id='word_1_136' title='bbox 419 2227 545 2310; x_wconf 81' lang='lat' dir='ltr'><em>rogitans</em></span> <span class='ocrx_word' id='word_1_137' title='bbox 570 2249 578 2284; x_wconf 90' lang='lat' dir='ltr'><em>t</em></span> <span class='ocrx_word' id='word_1_138' title='bbox 603 2225 661 2284; x_wconf 85' lang='lat' dir='ltr'><em>Ubi</em></span> <span class='ocrx_word' id='word_1_139' title='bbox 674 2243 808 2300; x_wconf 78' lang='lat' dir='ltr'><em>precepta</em></span> <span class='ocrx_word' id='word_1_140' title='bbox 823 2227 943 2300; x_wconf 81' lang='lat' dir='ltr'><em>sapien·</em></span> 
     </span>
     <span class='ocr_line' id='line_1_25' title="bbox 264 2306 944 2381; baseline 0.004 -17"><span class='ocrx_word' id='word_1_141' title='bbox 264 2307 336 2376; x_wconf 80' lang='lat' dir='ltr'><em>tiu?</em></span> <span class='ocrx_word' id='word_1_142' title='bbox 356 2306 402 2366; x_wconf 84' lang='lat' dir='ltr'><em>ubi</em></span> <span class='ocrx_word' id='word_1_143' title='bbox 420 2326 461 2366; x_wconf 89' lang='lat' dir='ltr'><em>tot</em></span> <span class='ocrx_word' id='word_1_144' title='bbox 475 2330 527 2381; x_wconf 84' lang='lat' dir='ltr'><em>per</em></span> <span class='ocrx_word' id='word_1_145' title='bbox 540 2327 628 2366; x_wconf 78' lang='lat' dir='ltr'><em>mos</em></span> <span class='ocrx_word' id='word_1_146' title='bbox 646 2307 777 2366; x_wconf 80' lang='lat' dir='ltr'><em>nuditate</em></span> <span class='ocrx_word' id='word_1_147' title='bbox 795 2307 873 2364; x_wconf 83' lang='lat' dir='ltr'><em>ratio</em></span> <span class='ocrx_word' id='word_1_148' title='bbox 894 2310 944 2367; x_wconf 82' lang='lat' dir='ltr'><em>ad-</em></span> 
     </span>
     <span class='ocr_line' id='line_1_26' title="bbox 264 2388 945 2466; baseline -0.006 -14"><span class='ocrx_word' id='word_1_149' title='bbox 264 2410 374 2452; x_wconf 77' lang='lat' dir='ltr'><em>versum</em></span> <span class='ocrx_word' id='word_1_150' title='bbox 383 2389 574 2450; x_wconf 78' lang='lat' dir='ltr'><em>imminentia?</em></span> <span class='ocrx_word' id='word_1_151' title='bbox 588 2388 713 2448; x_wconf 81' lang='lat' dir='ltr'><em>Cuient&#39;m</em></span> <span class='ocrx_word' id='word_1_152' title='bbox 722 2388 945 2466; x_wconf 79' lang='lat' dir='ltr'><em>ignarumfieisse</em></span> 
     </span>
     <span class='ocr_line' id='line_1_27' title="bbox 265 2469 944 2545; baseline -0.001 -15"><span class='ocrx_word' id='word_1_153' title='bbox 265 2472 404 2530; x_wconf 74' lang='lat' dir='ltr'><em>sevitiam</em></span> <span class='ocrx_word' id='word_1_154' title='bbox 413 2470 559 2530; x_wconf 73' lang='lat' dir='ltr'><em>Neronis?</em></span> <span class='ocrx_word' id='word_1_155' title='bbox 577 2469 672 2545; x_wconf 88' lang='lat' dir='ltr'><em>Neque</em></span> <span class='ocrx_word' id='word_1_156' title='bbox 688 2469 767 2528; x_wconf 84' lang='lat' dir='ltr'><em>aliud</em></span> <span class='ocrx_word' id='word_1_157' title='bbox 782 2490 944 2542; x_wconf 75' lang='lat' dir='ltr'><em>superesse,</em></span> 
     </span>
     <span class='ocr_line' id='line_1_28' title="bbox 263 2548 945 2631; baseline 0.001 -23"><span class='ocrx_word' id='word_1_158' title='bbox 263 2551 322 2631; x_wconf 83' lang='lat' dir='ltr'><em>post</em></span> <span class='ocrx_word' id='word_1_159' title='bbox 332 2569 445 2613; x_wconf 79' lang='lat' dir='ltr'><em>matrem</em></span> <span class='ocrx_word' id='word_1_160' title='bbox 452 2551 620 2628; x_wconf 82' lang='lat' dir='ltr'><em>fratremque</em></span> <span class='ocrx_word' id='word_1_161' title='bbox 634 2550 806 2626; x_wconf 67' lang='lat' dir='ltr'><em>inteq‘etios,</em></span> <span class='ocrx_word' id='word_1_162' title='bbox 816 2548 900 2626; x_wconf 75' lang='lat' dir='ltr'><em>quiem</em></span> <span class='ocrx_word' id='word_1_163' title='bbox 911 2569 945 2610; x_wconf 87' lang='lat' dir='ltr'><em>ut</em></span> 
     </span>
     <span class='ocr_line' id='line_1_29' title="bbox 268 2633 922 2711; baseline -0.002 -18"><span class='ocrx_word' id='word_1_164' title='bbox 268 2634 418 2693; x_wconf 85' lang='lat' dir='ltr'><em>educatoris</em></span> <span class='ocrx_word' id='word_1_165' title='bbox 434 2633 654 2707; x_wconf 70' lang='lat' dir='ltr'><em>praeceptorisque</em></span> <span class='ocrx_word' id='word_1_166' title='bbox 672 2651 762 2690; x_wconf 85' lang='lat' dir='ltr'><em>necem</em></span> <span class='ocrx_word' id='word_1_167' title='bbox 782 2633 922 2711; x_wconf 71' lang='lat' dir='ltr'><em>adficeret.</em></span> 
     </span>
    </p>
   </div>
   <div class='ocr_carea' id='block_1_3' title="bbox 270 2709 945 2874">
    <p class='ocr_par' dir='ltr' id='par_1_3' title="bbox 270 2709 945 2874">
     <span class='ocr_line' id='line_1_30' title="bbox 310 2709 945 2791; baseline 0.002 -20"><span class='ocrx_word' id='word_1_168' title='bbox 310 2712 417 2772; x_wconf 86' lang='lat' dir='ltr'><strong>LXIII.</strong></span> <span class='ocrx_word' id='word_1_169' title='bbox 439 2713 503 2773; x_wconf 89' lang='lat' dir='ltr'><em>Ubi</em></span> <span class='ocrx_word' id='word_1_170' title='bbox 529 2709 588 2772; x_wconf 82' lang='lat' dir='ltr'><em>hate</em></span> <span class='ocrx_word' id='word_1_171' title='bbox 616 2714 700 2791; x_wconf 85' lang='lat' dir='ltr'><em>atque</em></span> <span class='ocrx_word' id='word_1_172' title='bbox 728 2711 797 2772; x_wconf 78' lang='lat' dir='ltr'><em>talia</em></span> <span class='ocrx_word' id='word_1_173' title='bbox 814 2712 894 2772; x_wconf 81' lang='lat' dir='ltr'><em>velut</em></span> <span class='ocrx_word' id='word_1_174' title='bbox 913 2714 945 2773; x_wconf 89' lang='lat' dir='ltr'><em>in</em></span> 
     </span>
     <span class='ocr_line' id='line_1_31' title="bbox 270 2792 945 2874; baseline 0 -21"><span class='ocrx_word' id='word_1_175' title='bbox 270 2814 422 2856; x_wconf 85' lang='lat' dir='ltr'><em>commune</em></span> <span class='ocrx_word' id='word_1_176' title='bbox 438 2794 585 2866; x_wconf 86' lang='lat' dir='ltr'><em>dissentit,</em></span> <span class='ocrx_word' id='word_1_177' title='bbox 598 2792 794 2874; x_wconf 72' lang='lat' dir='ltr'><em>complectitur</em></span> <span class='ocrx_word' id='word_1_178' title='bbox 804 2813 923 2856; x_wconf 79' lang='lat' dir='ltr'><em>uxorem</em></span> <span class='ocrx_word' id='word_1_179' title='bbox 931 2837 945 2866; x_wconf 85' lang='lat'><em>,</em></span> 
     </span>
    </p>
   </div>
   <div class='ocr_carea' id='block_1_4' title="bbox 0 0 1023 3684">
    <p class='ocr_par' dir='ltr' id='par_1_4' title="bbox 0 0 1023 3684">
     <span class='ocr_line' id='line_1_32' title="bbox 0 0 1023 3684; baseline 0 0"><span class='ocrx_word' id='word_1_180' title='bbox 0 0 1023 3684; x_wconf 95' lang='lat' dir='ltr'><em> </em></span> 
     </span>
    </p>
   </div>
  </div>
 </body>
</html>
