2000 3684
165 397 422 467 Arruntium
447 397 534 470 Lm.
559 395 659 468 XIV.
702 418 765 492 ¹55

127 515 216 578 XVI.
235 517 282 577 Ne
295 536 398 578 'tamen
417 517 530 578 ludicrae
550 539 661 580 tantum
679 513 772 600 impe-

87 601 190 662 tatoris
212 618 284 659 artes
306 617 498 672 notescerent,
520 603 676 662 carminum
699 621 773 682 quo·

87 703 146 764 que
165 679 289 741 studium
310 677 474 753 affestavit,
493 685 643 743 contraitis
671 682 774 778 quibus

88 765 188 845 aliqua
211 762 355 846 pangendi
376 761 503 823 facultas.
521 763 670 827 Necdum
684 765 774 846 insig-

89 847 136 906 nis
151 847 241 904 aetatie
253 845 313 903 nati
330 890 342 914 ,
358 845 504 904 considere
516 847 600 906 simul
620 891 631 917 ,
649 853 675 906 δι
695 845 776 905 adia-

87 945 157 998 τος,
185 926 233 985 vei
256 925 364 999 ibidem
387 947 509 1006 repertos
530 947 632 987 versus‘
647 921 772 985 connec'ss

86 1026 171 1077 tete,
202 1026 287 1088 atque
313 1009 399 1088 ipsius
430 1007 537 1080 verba,
566 1007 775 1102 quoquomodo

90 1089 225 1171 prolata,
246 1090 370 1169 supplere
390 1111 397 1144 z
418 1088 496 1170 quod
516 1091 619 1172 species
638 1111 696 1170 ipsa
718 1106 777 1152 car-

91 1172 208 1229 minum
234 1169 424 1241 docet‚'non
445 1173 552 1250 impetu
571 1181 598 1232 dc
623 1169 775 1244 instinctu,

91 1271 148 1312 nec
168 1271 217 1309 ore
238 1270 295 1310 uno
314 1253 410 1310 fluens.
432 1251 530 1311 Etiam
550 1255 691 1334 sapientire
710 1253 777 1314 doc·

90 1332 203 1393 toribus
230 1350 340 1412 tempus
368 1333 548 1412 impertiebat
574 1331 636 1416 post
662 1335 777 1414 epulas,

91 1433 184 1495 utque
208 1416 347 1474 contraria
366 1413 610 1487 adseverantium,
632 1411 778 1476 discordiae

91 1496 266 1555 eruebantur
288 1519 295 1551 :
317 1515 368 1554 nec
386 1495 522 1566 deerant,
545 1499 595 1578 qui
618 1517 666 1555 ore
689 1499 779 1555 vultu-

91 1598 152 1660 que
169 1575 241 1635 tristi
259 1579 330 1635 inter
347 1577 557 1639 obiectamenta
573 1579 650 1662 regia
662 1579 781 1658 speclari

93 1677 240 1739 cuperent.
494 1675 499 1689 ⁴
661 1659 664 1666 “

138 1739 239 1799 XVII.
260 1739 318 1800 Sub
335 1738 413 1798 idem
429 1757 558 1820 tempus,
583 1739 639 1799 levi
662 1759 781 1800 conten·

95 1823 179 1882 tione
194 1839 274 1880 atrox
290 1820 376 1880 caedes
394 1840 477 1890 orta,
494 1823 566 1880 inter
584 1823 701 1882 colonos
721 1822 783 1882 Nu·

95 1904 211 1963 terinos
230 1902 492 1984 Pompeianosque,
532 1903 683 1964 ladiamrio
697 1923 781 1984 spec·

94 1985 218 2054 taculo,
239 1983 316 2064 quod
343 1985 488 2044 Livineius
513 1924 546 2044 b

98 2084 217 2126 motum
231 2084 327 2124 senatu
343 2065 447 2135 retuli,
463 2063 586 2128 edebat:
604 2085 706 2147 quippe
725 2087 783 2148 op-

120 2145 211 2206 idani
228 2144 343 2207 lascivid
364 2148 487 2207 inuicem
510 2149 700 2216 incessentes,
722 2167 786 2226 pro-

97 2170 154 2288 bra
166 2272 181 2300 ,.
197 2227 298 2287 deinde
317 2249 404 2300 saxa,
424 2225 566 2308 postremo
587 2226 690 2288 fetrum
712 2247 788 2287 sum-

97 2331 212 2392 psere,
245 2309 381 2369 validiore
408 2308 662 2388 Pompeianorum
682 2308 787 2390 plebe,

98 2390 181 2474 apud
215 2412 287 2472 quos
319 2389 508 2470 spediaculum
532 2389 674 2450 edebatur.
708 2389 788 2485 Ergo

99 2473 242 2554 reportati
256 2491 320 2532 sunt
334 2473 365 2531 in
379 2472 480 2532 urbem
497 2471 579 2532 multi
594 2491 609 2529 e
623 2471 798 2544 Nucerinis,'

99 2573 209 2614 trunco
230 2574 280 2633 per
305 2553 421 2612 uulnera
447 2572 580 2638 torpore,
604 2573 637 2612 ac
665 2553 791 2636 plerique
808 2583 820 2606 κ

99 2636 254 2696 liberorum
276 2653 326 2693 aut
345 2653 489 2710 parentum
514 2654 612 2694 mortes
639 2633 790 2711 deflebant.

100 2717 201 2797 Cujus
220 2717 262 2775 rei
282 2715 420 2795 judicium
444 2717 539 2796 prince
560 2739 572 2776 s
593 2718 723 2788 senatui,
747 2737 793 2776 se-

99 2817 189 2860 rratus
207 2797 369 2857 consulibus
378 2799 523 2878 permitit.
541 2738 581 2858 iit
598 2819 693 2859 rursus
708 2819 738 2856 re
756 2789 793 2857 ad

103 2901 201 2963 patres
223 2877 329 2953 relati,
350 2877 487 2962 prohibiti
509 2879 623 3020 publieg
641 2881 672 2976 in
695 2879 792 2939 decem

642 2981 673 3040 VJ

548 1987 666 2080 egulust,
696 2005 784 2068 quem
879 1995 886 2016 '
