2000 3684
216 309 467 380 Arainon
490 307 576 378 Lm.
601 309 665 378 ΧῙ.
744 331 783 379 rr

107 431 237 493 cidarurn
265 432 368 491 tributa
394 431 448 491 illis
473 432 508 491 de
532 431 662 516 gentibus
684 453 788 514 parta,

103 515 282 598 regreditur3
312 515 411 596 ingens
438 512 547 598 glomi,
574 533 658 595 arque
685 512 720 574 ed
749 515 790 574 fe-

108 598 224 667 rocior,
250 604 278 654 &
307 597 436 676 subjec'tis
463 596 688 655 intolerantior:
717 598 788 678 qui,

101 677 180 736 ·dolo
208 677 272 736 anti
303 677 483 758 composito,
511 678 674 750 incautum,
699 699 789 739 vena-

107 760 239 840 tionique
273 759 411 818 intentum
441 757 629 830 interfecere,
666 761 789 840 primaru

104 841 183 899 intra
214 844 387 918 juventam,
414 839 461 899 sed
491 839 655 900 claritudine
684 861 790 920 paucos

109 923 184 980 inter
208 941 306 980 senum
332 942 430 1005 regum
452 967 461 992 ,
481 924 505 980 si
526 921 640 1002 perinde
662 943 791 984 amorem

21 1005 22 1012 ’
104 1003 183 1060 inter
199 1002 365 1082 populares,
391 1000 477 1083 quim
498 1022 606 1062 metum
628 1001 703 1084 apud
724 1000 793 1064 hos-

112 1102 152 1142 tes
186 1085 363 1164 quaesivisset.
400 1084 479 1144 Nece
508 1084 644 1145 Bardanis
674 1085 792 1146 turbata:

111 1162 281 1224 Parthorum
301 1186 368 1234 res,
392 1167 465 1225 inter
486 1167 655 1252 ambiguos,
680 1168 743 1248 quis
760 1169 793 1228 iu

102 1267 232 1330 regnum
259 1250 426 1328 acciperetur
451 1253 467 1305 :³
482 1249 564 1307 multi
588 1248 624 1308 ad
645 1248 793 1310 Gotarzen

104 1329 314 1401 inclinabant3
353 1329 470 1410 quidam
504 1329 541 1389 ad
575 1327 762 1390 Meherdaten
781 1377 794 1404 ,

111 1411 223 1490 prolem
247 1409 393 1481 Phraatis,
420 1411 533 1470 obsidio
559 1413 641 1470 nobis
663 1411 794 1471 datum:

107 1491 183 1552 dein
205 1494 346 1573 praevaluit
371 1492 510 1553 Gotarzes
533 1515 540 1550 ε
561 1495 722 1575 potitusque
743 1514 792 1552 re-

113 1575 212 1656 giam,
230 1595 277 1654 per
297 1575 432 1634 saevitiem
447 1597 479 1634 ac
500 1575 597 1632 lurum
614 1574 711 1657 adegit
729 1575 796 1633 Par-

103 1654 199 1726 ·rhos,
229 1657 336 1716 mittere
373 1655 410 1718 ad
442 1657 596 1737 principem
629 1654 795 1714 Romanum

108 1736 240 1797 occultas
262 1757 370 1817 preces,
391 1736 454 1818 quis
470 1738 599 1813 permitti
615 1735 796 1798 Meherdaten

109 1820 237 1894 patrium
256 1820 439 1901 adfasligium
451 1821 579 1880 orabant.

109 1939 113 1950 ·
155 1901 210 1960 XI.
240 1899 343 1959 lisdem
375 1902 534 1960 consulibus
554 1898 614 1959 ludi
628 1900 797 1974 seculares,

112 1984 354 2065 odlingentesimo
385 1981 446 2062 post
475 1983 601 2041 Romam
627 1983 798 2056 conditam,

109 2083 218 2146 quarto
244 2073 272 2125 δι
300 2066 500 2146 sexagesimo,
533 2062 619 2144 quim
655 2062 798 2146 Augustus

107 2146 262 2216 ediderat,
279 2147 394 2225 spectati
415 2165 487 2206 sunt.
507 2147 661 2240 Utriusque
688 2141 797 2225 princi-

105 2229 159 2308 ·pis
187 2228 310 2288 rationes
339 2228 540 2308 praerermitto,
572 2245 638 2286 sarrs
674 2244 800 2287 narratas
827 2301 829 2306 ,

115 2310 218 2380 libris,
242 2309 343 2390 quibus
365 2329 406 2368 res
430 2309 608 2389 imperatoris
636 2304 801 2368 Domitiani

115 2392 268 2470 composui
296 2414 303 2447 ι
327 2411 396 2450 nam
421 2391 579 2472 isquoque
604 2389 692 2449 edidit
717 2389 801 2451 ludos
840 2441 845 2448 .

109 2474 255 2534 seculares
270 2495 280 2543 ς
300 2473 387 2554 iisque
407 2471 539 2532 intentids
553 2470 649 2541 adfui,
664 2471 798 2531 sacerdo-

117 2557 160 2614 tio
178 2554 426 2636 quindecimvirali
440 2553 586 2634 praeditur,
604 2574 638 2612 ac
652 2571 714 2612 tum
730 2574 804 2634 prae·

52 2690 55 2696 .
117 2655 165 2696 tor
180 2661 187 2694 :
204 2635 282 2718 quod
300 2658 358 2695 non
381 2634 516 2714 jadianrii
539 2633 628 2694 refero
645 2680 654 2705 ‚
671 2635 718 2694 sed
734 2635 802 2716 quia

54 2766 57 2774 ,
110 2719 247 2802 ‹collegio
284 2715 539 2800 quindecimvirum
580 2718 732 2798 antiquitus
768 2737 801 2776 ea

102 2809 252 2875 ·cura‚·.&
272 2797 446 2884 magilhatus
466 2797 644 2943 potissimdp
661 2818 802 2881 ‚exseque-

656 2901 685 2962 ν]
768 2932 771 2939 ,
