2000 3684
192 291 451 365 Auuurruu
475 295 558 366 Lm.
582 295 647 363 ΧΙ.
733 317 776 384 ²9
845 253 850 262 .

93 433 125 477 at
140 411 304 498 legionibus
326 437 391 476 tum
411 415 519 476 damno
536 415 637 487 labor,
655 409 777 474 effodere

93 498 188 568 rivos,
210 517 327 577 queque
353 498 383 556 in
404 517 500 578 aperto
520 497 637 580 gravia,
657 493 777 557 humum

88 576 171 638 infra
185 578 282 638 moliti
305 600 311 634 :
330 577 393 658 quis
408 579 540 640 subustus
556 579 654 650 miles,
668 587 695 638 dt
707 579 777 658 quia

91 660 188 740 plures
204 680 252 738 per
270 661 427 738 provincias
446 661 552 720 similia
563 659 776 731 tolerabantur,

92 741 246 819 componit
260 741 383 802 occultas
402 743 535 812 litteras,
557 742 675 800 nomine
696 761 776 802 eser·

91 822 220 890 timum,
235 824 407 902 precantium
418 824 633 903 imperatorem,
644 824 778 900 atquibus

87 905 277 979 permissurus
308 923 380 964 esset
415 907 569 975 exercitus,
600 903 778 978 triunphalis

92 983 160 1044 ant>
184 983 318 1044 tribueret.

136 1064 222 1125 XXI.
246 1065 292 1128 De
318 1066 429 1147 origine
455 1065 551 1128 Curtii
564 1063 647 1126 0Rufi
659 1110 670 1136 ,
689 1087 776 1148 quem

92 1145 252 1230 gladiatore
283 1148 410 1230 genitum
441 1147 560 1230 quidam
594 1147 776 1228 prodidere,

89 1249 186 1310 neque
210 1227 283 1290 falsa
308 1231 493 1308 prompserim
505 1251 515 1300 3
535 1239 569 1290 dt
593 1249 659 1289 vera
690 1251 773 1290 exse·

88 1312 145 1390 ,qui
173 1309 265 1389 pudet.
296 1307 449 1388 Postquam
481 1310 627 1382 adolevit,
656 1313 780 1371 scurror

92 1389 260 1472 quaestoris,
286 1393 332 1450 cui
351 1389 451 1452 Africa
471 1393 632 1475 obtigerat,
651 1391 720 1451 dum
745 1397 776 1456 in

93 1471 202 1552 oppido
227 1471 416 1543 Adrumeto,
441 1475 537 1532 vacuis
565 1495 615 1553 ptr
646 1473 775 1534 medium

91 1553 151 1614 diei
171 1554 324 1634 porticibus
348 1573 466 1614 secretus
492 1556 608 1636 agitat,
628 1555 725 1614 obluta
749 1557 779 1614 ei
850 1623 855 1632 .

93 1637 201 1715 species
222 1634 366 1694 muliebris
380 1634 584 1694 ultramodum
598 1633 776 1707 humanum,

94 1716 240 1778 &audita
266 1713 305 1774 est
323 1737 399 1786 νοις
429 1715 470 1774 Tu
494 1740 542 1786 es,
564 1715 655 1794 Rufe,
669 1717 724 1794 qui
743 1719 776 1777 irt

89 1797 164 1858 hanc
183 1799 357 1872 provinciam
374 1819 425 1872 pro
447 1799 555 1857 consule
578 1799 682 1857 uenies.
707 1797 777 1860 Tali

92 1882 194 1940 omine
213 1880 244 1940 in
264 1899 344 1959 spent
363 1879 505 1950 sublatus,
529 1878 725 1962 digressusque
744 1882 776 1942 in

92 1962 222 2030 urbem,
251 1969 279 2020 δι
304 1960 455 2042 largitione
483 1963 662 2031 amicorum,
689 1963 777 2022 simul

91 2045 151 2102 acri
172 2042 308 2125 ingenio,
330 2039 514 2120 quaesturam,
535 2051 562 2103 &
585 2064 669 2112 mox,
693 2045 778 2104 nobi·

90 2125 132 2184 les
159 2126 234 2184 inter
255 2122 441 2194 candidatos,
468 2142 616 2203 praeturam
643 2125 777 2202 principis

89 2203 233 2290 suffragio
244 2203 404 2285 adsequitur
417 2228 423 2262 ι
435 2226 524 2284 quum
536 2203 612 2264 hisee
620 2205 712 2264 verbis
725 2205 778 2264 Ti-

89 2288 187 2352 berius
216 2285 336 2346 dedecus
360 2286 498 2346 natalium
520 2292 579 2365 ejus
600 2286 775 2359 velavisset,

96 2372 206 2429 Curtius
233 2368 323 2444 Rufus
349 2369 459 2430 videtur
479 2367 550 2426 milu
570 2387 654 2427 exse
679 2387 774 2428 natus.

90 2448 197 2534 Longi
218 2448 280 2529 post
298 2447 356 2508 haec
378 2448 510 2521 senesii,
529 2459 557 2510 &
572 2450 703 2508 adversus
721 2471 774 2510 su·

91 2535 217 2613 periotes
236 2528 306 2593 tristi
325 2529 502 2600 adulatione,
522 2551 656 2613 arrogans
673 2533 775 2590 mino·

88 2616 192 2685 sibus,
213 2615 286 2674 inter
304 2634 381 2692 pares
400 2613 541 2684 difficilis,
559 2613 705 2671 consulare
720 2614 775 2672 im·

88 2698 226 2776 perium,
248 2691 384 2774 triumphi
410 2695 557 2777 insignia,
578 2715 610 2754 ac
633 2692 776 2774 postremo

91 2776 224 2836 Africam
251 2775 404 2835 obtinuit:
433 2794 516 2856 atque
536 2777 579 2836 ibi
604 2775 774 2849 defnnuus,

91 2855 185 2920 fante
203 2859 375 2942 presagium
394 2857 532 2940 implevit.
