2000 3684
248 317 305 396 '76v
349 307 408 376 C.
437 307 585 378 Coun,
617 305 806 376 TAcrnr

247 421 308 486 t'urn
328 445 527 508 proruperant,
550 427 726 500 dubitatum,
747 430 817 510 quin
837 433 929 511 capite

247 529 343 588 poenas
367 508 473 568 luerent
495 533 502 566 τ
522 507 671 569 Cumanus
686 510 813 570 &Felix
835 532 926 571 cunc-

246 591 384 648 tationem
401 589 582 662 adferebant,
603 592 670 672 quia
685 590 844 662 Claudius,
863 615 929 653 cau-

246 671 283 730 sis
301 671 461 732 rebellionis
478 671 597 742 auditis,
618 677 660 750 jus
681 670 821 731 statuendi
842 676 929 734 etiam

245 750 283 810 de
301 753 522 832 procuratoribus
545 750 666 812 dederat
690 751 745 812 Sed
765 753 930 830 Quadratus

247 833 370 894 Felicem
396 836 467 893 inter
496 831 602 912 judices
628 831 804 906 ostentavit,
832 855 930 917 recep-

248 933 309 974 tum
323 918 359 976 in
376 913 523 984 tribunal,
546 911 604 995 qul>
621 912 713 974 studia
734 920 928 976 accusantium

249 995 446 1057 deterrerentur
470 1020 476 1056 :
499 995 703 1076 damnatusque
724 997 902 1078 flagitiorum
916 1045 929 1069 ,

249 1099 312 1158 quae
327 1077 383 1136 duo
396 1077 591 1158 deliquerant,
607 1076 758 1138 Cumanus
778 1101 785 1135 τ
806 1085 834 1137 &
852 1081 930 1160 quies

249 1154 542 1239 provineiaereddita.'
678 1159 682 1164 ’

292 1241 356 1299 LV.
375 1239 437 1300 Nec
453 1237 544 1300 multb
559 1236 622 1318 post
636 1235 786 1322 agrestium
801 1237 931 1302 Cilicum
995 1290 996 1305 ,

250 1324 396 1394 nationes,
414 1322 516 1403 quibus
537 1321 669 1381 Clitarum
687 1341 931 1402 cognomentum,
995 1320 996 1369 ῗ

251 1423 323 1484 saepe
345 1411 372 1464 &
394 1401 462 1462 aliis
486 1422 654 1472 commota,
676 1419 743 1460 tunc
765 1401 933 1462 Trosobore

252 1484 339 1557 duce,
362 1505 471 1544 montes
498 1504 608 1565 asperos
628 1481 721 1542 castris
745 1503 851 1562 cepere.
876 1486 933 1544 At-

252 1588 307 1650 que
334 1567 400 1626 inde
428 1566 543 1625 decursu
566 1565 597 1624 in
624 1564 737 1635 littora,
763 1583 813 1623 aur
829 1565 931 1637 urbes,

206 1712 208 1716 ,
252 1651 312 1709 vim
333 1649 484 1708 cultoribus
507 1657 534 1707 &
558 1645 727 1726 oppidanis,
751 1666 783 1704 ac
806 1647 933 1730 plerum·

183 1795 184 1798 Ἴ
253 1750 308 1810 que
335 1732 365 1788 in
393 1736 608 1788 mercatores&
627 1727 813 1787 navicularios
837 1728 932 1786 aude·
995 1754 996 1807 3

253 1809 332 1869 bant.
363 1809 541 1889 Obsessaque
568 1809 665 1867 civitas
694 1809 933 1881 Anemuriensis,
995 1838 996 1881 3

254 1899 282 1950 δι
296 1892 372 1950 missi
391 1911 405 1948 e
421 1891 500 1972 Syria
519 1892 548 1949 in
560 1889 715 1948 subsidium
728 1891 854 1971 equites,
866 1907 934 1949 cum
995 1898 996 1963 ξ

254 1970 385 2052 prafedlo
404 1971 506 2032 Curtio
524 1972 646 2043 Severo,
666 1970 829 2040 nubantur3
853 1970 935 2052 quod
995 1986 996 1997 ²

255 2051 317 2112 duri
337 2053 439 2112 circum
453 2053 527 2125 loci,
547 2050 740 2132 peditibusque
752 2051 788 2110 ad
804 2071 934 2134 pugnarn

255 2134 370 2206 idonei,
391 2131 513 2215 equestre
535 2133 663 2212 proelium
685 2130 761 2192 haud
787 2132 935 2212 patieban-

257 2235 310 2277 tur.
330 2216 407 2276 Dein
424 2237 471 2274 rex
492 2219 549 2295 ejus
573 2234 628 2272 orae
648 2211 825 2284 Antiochus,
850 2214 936 2274 blan-

257 2299 391 2359 dimentis
407 2297 535 2357 adversus
551 2295 683 2374 plebem,
696 2293 799 2355 'fraude
813 2297 853 2353 ‘in
876 2295 935 2355 du·
995 2358 996 2361 Ἴ

258 2400 337 2450 cem,
357 2399 444 2458 quum
464 2376 647 2436 barbarorum
667 2379 762 2456 copias
780 2376 936 2439 dissocias·
995 2398 996 2439 1

258 2481 316 2530 set,
332 2458 512 2532 Trosobore,
532 2459 682 2540 paucisque
702 2457 874 2538 primoribus
892 2461 938 2519 lu·

259 2539 399 2612 terfeetis,
410 2559 514 2600 ceteros
524 2537 672 2598 clementii
683 2541 852 2620 composuit.
907 2565 911 2574 -

300 2623 364 2681 LV
376 2622 399 2680 Ι.
424 2620 482 2682 Sub
503 2620 578 2678 idern
596 2639 725 2699 tempus,
740 2621 818 2681 vinter
839 2621 940 2682 lacum

258 2703 396 2764 Fucinum
419 2749 428 2775 ,
457 2721 570 2762 amnem
591 2722 626 2760 ue
657 2703 767 2771 Lirin,
803 2717 939 2782 perrupto

259 2804 375 2854 monte,
400 2781 459 2866 qub
478 2723 689 2866 magnibcentia
704 2783 795 2862 operis
811 2805 829 2842 a
847 2782 941 2862 pluri-

258 2867 309 2928 bus
328 2867 478 2938 viseretur,
491 2865 556 2926 lacu
567 2866 598 2925 in
614 2867 675 2947 ipso
690 2865 791 2926 navale
804 2865 942 2946 proelium
