2000 3684
239 359 307 425 1¹4
359 338 397 405 C.
425 336 574 404 Coun,
605 335 794 402 ΤΑσιΤι

234 459 267 516 in
289 475 396 536 partem
421 456 506 535 pretii
528 452 703 532 emptoribus
730 450 923 512 adcrescebat.

235 537 335 599 Edirit
360 537 477 606 Casas,
504 557 537 594 ne
561 535 623 612 quis
648 533 851 612 magistratus,
877 552 924 591 aut

231 637 407 695 procurator,
423 619 471 694 qui
482 616 661 690 prouinciam
680 614 835 684 obtineret,
853 637 924 688 spec·

236 701 357 760 taculum
380 698 566 778 gladiatorum
585 739 596 765 ‚
628 713 676 754 aut
696 695 850 772 ferarum,
878 712 925 754 aur

236 783 310 860 quod
326 782 405 840 aliud
417 781 550 837 ludicrum
568 779 665 837 ederet.
681 775 762 835 Nam
780 777 849 835 ante
866 798 924 836 non
998 802 999 807 ¹

237 859 332 922 mimis
359 862 410 920 tali
429 859 599 941 largitione,
624 855 711 938 quarn
740 858 925 936 corripiendis

238 939 381 1024 pecuniis,
400 941 541 1020 subjellos
563 938 757 1020 adfligebant3
777 939 849 998 dum
865 959 925 1022 qua

188 1025 192 1030 ’
239 1023 360 1085 libidine
373 1021 563 1103 deliquerant,
575 1020 688 1079 ambitu
698 1041 894 1103 propugnant.

280 1104 310 1164 X
320 1103 412 1162 XXI
424 1103 448 1162 1.
469 1103 586 1160 Fanum
605 1110 632 1160 &
649 1103 926 1162 senatusconsultum

239 1186 343 1243 ultioni
359 1181 436 1260 juxti
452 1192 480 1242 &
495 1183 653 1253 securitati,
669 1201 700 1240 ut
712 1184 741 1241 si
755 1185 821 1260 quis
836 1208 855 1244 α
868 1185 925 1244 suis

240 1267 332 1326 servis
347 1263 501 1342 interfcdlus
512 1283 600 1334 esset,
613 1264 638 1320 ii
652 1276 752 1340 quoque
762 1310 774 1334 ,
788 1269 839 1342 qui
851 1268 926 1348 tesia-

241 1345 927 1418 mentomanunzissisubeodemcenomansissent,

242 1431 430 1488 intersertos
449 1428 587 1502 supplicia
604 1430 763 1502 penderent.
789 1427 929 1488 Redditur

242 1507 337 1568 ordini
356 1509 456 1567 Lusius
473 1507 578 1567 Varius
601 1509 778 1578 consularis,
803 1512 927 1570 avaritia

244 1590 408 1649 criminibus
435 1590 506 1648 olim
529 1590 677 1668 perculsus.
702 1589 743 1650 Et
764 1589 928 1670 Pomponia

247 1672 395 1742 Gracina,
419 1671 537 1751 insignis
561 1668 691 1739 femina,
717 1671 858 1742 Plautio,
883 1672 929 1751 qui

246 1775 335 1813 ovans
353 1773 382 1810 se
402 1750 437 1808 de
462 1752 614 1810 Britanniis
631 1752 745 1821 retulit,
766 1771 879 1832 nupta,
899 1773 930 1812 ac

246 1833 445 1914 superstitionis
469 1851 585 1892 extemae
611 1853 673 1904 rea,
698 1832 795 1891 mariti
820 1833 931 1911 judicio

247 1915 390 1996 permissa.
413 1912 497 1993 Isque
519 1916 611 1993 prisco
634 1911 785 1984 instituto,
808 1917 930 1995 propin-

247 1998 311 2076 quis
330 2014 447 2064 coram,
468 1994 504 2053 de
527 1997 618 2072 capite
642 1994 777 2074 famaque
799 1999 932 2080 conjugis

248 2076 407 2158 cognovit,
433 2083 462 2134 &
486 2077 628 2135 insontem
650 2077 807 2136 nunciavit.
827 2077 933 2160 Longa

248 2155 316 2217 buic
332 2157 498 2237 Pomponiae
516 2176 597 2226 aetas,
617 2165 644 2216 &
665 2158 800 2216 continua
820 2157 932 2218 tristitia

249 2239 313 2301 fuic
337 2238 417 2298 Nam
435 2235 496 2318 post
517 2238 623 2298 Juliam
643 2238 729 2297 Drusi
748 2235 841 2297 filiam
866 2240 936 2300 dolo

249 2321 420 2386 Messallinae
444 2316 642 2388 interfectam,
669 2339 716 2398 per
741 2319 934 2406 quadraginta

250 2425 360 2473 annos,
378 2423 437 2459 non
455 2400 531 2459 cultu
547 2401 601 2460 nisi
617 2400 747 2481 lugubri,
760 2422 820 2460 non
833 2403 934 2462 animo

250 2485 307 2543 nisi
341 2479 440 2540 moesto
474 2483 542 2563 egit.
576 2480 663 2561 quue
686 2481 728 2539 illi
753 2483 934 2562 imperitante

254 2563 380 2626 Claudio
394 2566 523 2642 impune,
535 2582 603 2620 mox
614 2561 650 2622 ad
665 2562 786 2646 gloriam
798 2567 894 2624 vertit.

293 2644 434 2704 XXXIII.
462 2642 543 2702 Idem
566 2665 654 2702 annus
678 2644 769 2723 plures
789 2665 854 2704 reos
878 2644 935 2706 ha-

254 2725 316 2785 buit
351 2750 358 2785 :
389 2745 510 2806 quorum
541 2725 572 2784 Ρ.
600 2724 752 2795 Celerem,
785 2746 938 2786 accusante

253 2805 342 2878 Asia,
375 2807 442 2889 quia
467 2805 613 2866 absolvere
647 2806 785 2888 nequibat
813 2807 937 2878 caesar,
