2000 3684
177 304 608 380 ἈσιιιοοιΑ1
684 317 745 398 361

66 427 240 512 &gricolant
265 431 469 512 interrogarent
494 453 502 486 :
525 451 558 490 ac
582 427 675 510 primi)
694 452 751 490 oc·

69 508 175 577 cultilis
200 512 317 588 quietem
342 509 369 571 e
397 511 485 570 otium
516 509 650 582 laudare,
682 533 752 572 mox

68 613 184 667 operam
213 613 292 651 suam
322 593 353 650 itt
382 590 555 666 approbanda
578 595 752 654 excusatione

71 669 176 734 offerre
194 695 203 730 z
219 671 361 751 postremo
380 693 440 732 non
457 677 516 751 jam
535 671 666 745 obscuri,
686 695 753 734 sua-

71 753 172 814 dentes
200 753 285 814 sitnul
305 773 516 836 terrentesque,
542 773 693 834 pertraxere
713 755 753 818 ad

71 835 279 896 Domitianum
307 836 389 917 aqui
417 854 527 914 puants
548 837 755 910 simulatione,

71 916 107 974 in
125 917 316 998 arrogantiam
331 918 525 995 compositus,
544 925 572 976 &
587 917 677 978 audiit
694 938 754 998 pre·

71 1017 124 1056 ces
145 998 322 1068 excusantis,
342 1006 370 1058 δι
433 1019 483 1056 ttrn
512 999 681 1070 annuisset,
703 1001 757 1083 agi

71 1078 133 1138 sibi
148 1081 255 1172 gratias
274 1099 370 1158 passus
387 1100 401 1138 e
435 1102 446 1149 3
469 1099 521 1138 nec
542 1079 651 1140 erubuit
670 1079 756 1140 bene-

72 1156 136 1218 ficii
146 1157 253 1220 mvidii
267 1182 276 1217 s
289 1161 421 1220 salarium
435 1179 551 1231 tamen,
562 1161 755 1242 proconnrlari

71 1241 194 1302 solitum
225 1237 339 1312 offeni,
366 1251 394 1301 δι
419 1241 591 1323 quibusdam
618 1265 636 1304 a
660 1245 754 1322 scipso

72 1321 266 1394 concessutn,
291 1322 433 1406 Agricola:
459 1345 520 1384 non
548 1323 624 1402 dedit
654 1349 662 1381 ε
694 1327 756 1386 sivo

73 1400 202 1464 offensos
221 1425 281 1464 non
307 1405 448 1483 petitum,
467 1407 525 1464 sive
549 1427 583 1466 ex
606 1407 756 1468 conscien-

71 1487 138 1558 tia,
165 1506 202 1545 ne
224 1484 303 1566 qnod
329 1504 454 1544 vetuerat
478 1485 617 1546 videretur
640 1489 756 1550 emisse.

71 1565 227 1647 Proprium
242 1563 362 1629 humani
376 1565 551 1650 ingeniiest,
564 1567 656 1627 odisse
667 1589 754 1648 quem

73 1647 178 1708 laseris
196 1672 206 1706 z
226 1648 391 1708 Domitiani
407 1644 475 1708 vero
492 1666 612 1720 natata,
635 1669 756 1729 praeceps

73 1731 110 1788 in
133 1732 223 1801 barn,
243 1737 272 1790 dt
293 1725 351 1809 qno
372 1727 537 1800 obscurior,
559 1727 595 1790 ed
618 1732 757 1792 irrevoca-

68 1811 191 1881 bilior,
216 1809 412 1870 moderatione
436 1829 532 1870 tamen
553 1811 757 1895 prudentiaque

76 1892 222 1993 Agricola
238 1891 393 1952 leniebatur
412 1913 420 1949 :
443 1894 511 1973 qnia
529 1915 589 1954 non
609 1913 757 1956 conturna·

75 1976 144 2044 cia,
162 1993 253 2054 neque
272 1975 351 2034 inani
372 1975 525 2054 jadiatione
542 1975 694 2049 libertatis,
714 1975 756 2038 fa·

77 2075 159 2115 mam
182 2053 330 2136 fatumque
360 2056 543 2136 provocabat.
568 2057 666 2120 Sciant
685 2060 755 2140 qui-

74 2136 132 2196 bus
147 2136 233 2196 motis
245 2137 354 2196 inlicita
372 2139 489 2208 mitari,
505 2159 585 2217 posse
601 2141 688 2200 etiam
705 2141 758 2200 sub

78 2219 166 2277 malis
189 2218 359 2297 principibus
381 2239 429 2276 tna
490 2241 503 2277 s
520 2220 595 2278 viros
614 2240 671 2280 esse
678 2244 687 2291 3
706 2221 759 2280 ob·

29 2298 34 2304 ’
71 2300 212 2379 sequium
233 2318 268 2356 ue
282 2320 316 2358 ac
333 2239 522 2370 modellliln,
539 2301 562 2358 si
578 2297 712 2362 industria
724 2323 759 2362 ac

72 2381 172 2463 ,vigor
195 2320 308 2453 adrisit,
339 2377 374 2438 ed
402 2379 493 2440 laud'n
521 2381 672 2455 excedere,
697 2382 758 2465 qud

82 2463 208 2543 plerique
229 2482 278 2541 per
297 2462 434 2541 abrupta,
453 2462 502 2524 s'ed
521 2463 551 2524 in
572 2465 681 2526 nullutn
705 2469 759 2526 rei·

76 2537 151 2624 fult.
165 2564 262 2614 usum,
279 2542 433 2604 ambitiosi
449 2565 540 2606 morte
560 2547 760 2608 inclaruerunt.

124 2623 231 2685 XLIII.
248 2625 326 2686 Finis
340 2628 404 2686 vitae
421 2633 481 2705 ejus
497 2628 582 2688 nobis
596 2629 758 2700 luciuosus,

79 2707 183 2768 amicis
199 2704 304 2779 tristis,
326 2711 462 2772 extraneis
485 2711 572 2786 etiam
596 2710 759 2792 ignotisque

130 2787 160 2850 T
155 2811 207 2850 om.
229 2789 289 2864 IL,
474 2847 478 2852 ,
606 2791 638 2872 Q
