2000 3684
227 349 267 415 32
355 321 804 393 C.Cotu.TAc1r1

217 444 263 505 est
286 466 293 501 t
313 445 337 504 is
356 440 483 504 modesti
500 439 635 524 juventi,
654 441 703 504 sed
725 463 841 522 corpore
860 443 904 504 in·

221 527 317 609 signi,
329 527 432 586 accitus
444 526 535 596 ultro,
547 527 717 606 nodemque
728 526 801 584 intra
814 546 903 587 unam

222 631 241 668 a
256 607 420 668 Messallina
432 607 609 686 proturbatus
623 627 699 677 erat,
712 607 825 687 paribus
840 607 902 666 las-

222 691 303 750 civiis
319 689 355 749 ad
372 688 533 769 cupidinem
551 697 578 748 &
594 686 715 748 fastidia.
731 687 823 748 Suilio
839 686 907 749 Cac-

223 773 349 840 sonino,
371 779 398 830 &
420 770 532 830 Plautio
548 768 688 830 Laterano
711 790 786 828 mors
803 772 905 828 remit·
965 800 970 805 ·

224 855 292 912 citur
310 875 317 910 z
336 849 419 922 huic,
431 852 471 910 ob
489 854 580 930 patrui
595 852 741 934 egregium
753 852 886 910 meritum
892 873 904 920 3

222 934 394 996 Caesoninus
419 934 495 992 vitiis
514 935 652 1012 proteeius
675 931 730 1003 est,
753 951 906 1013 tamquam

223 1018 256 1078 in
267 1017 317 1075 illo
327 1015 484 1075 foedissimo
497 1034 571 1074 coetu
583 1035 675 1092 passus
688 1013 847 1074 muliebria.

265 1095 423 1156 XXXVII.
446 1095 563 1155 Interim
584 1095 750 1155 Messaliina
770 1093 907 1156 Luculla-

224 1179 270 1240 nis
287 1180 318 1237 in
338 1175 426 1236 hortis
446 1177 584 1256 prolatare
606 1179 712 1247 vitam,
733 1196 907 1256 componere

193 1271 194 1277 ’
225 1275 341 1340 preces,
361 1259 500 1340 nonnulla
520 1279 586 1338 spe,
610 1267 637 1318 dt
661 1258 815 1338 aliquando
835 1256 906 1318 irai:

222 1338 304 1400 tanti
331 1341 404 1400 inter
430 1360 553 1400 extrema
572 1337 700 1418 superbiai
725 1339 838 1423 agebat.
861 1341 908 1400 Ac

224 1424 259 1482 ni
290 1421 395 1482 caedem
423 1427 480 1500 ejus
508 1422 655 1481 Narcissus
685 1422 908 1502 properavisset3

223 1521 344 1563 verterat
372 1504 507 1584 pernicies
532 1505 562 1562 in
592 1522 792 1568 accusatorem,
825 1503 909 1564 Nam

223 1583 390 1656 Claudius,
412 1584 532 1644 domum
550 1605 710 1668 regressus,
734 1595 762 1646 ει
778 1605 906 1664 tempes-

158 1671 161 1676 '
225 1667 293 1726 civis
313 1669 399 1747 epulis
429 1667 583 1736 delinitus,
604 1666 654 1726 ubi
679 1668 748 1729 vino
766 1668 908 1740 incaluit,

225 1747 268 1806 iri
287 1749 382 1826 jubet,
401 1750 576 1824 nuntiarique
598 1749 702 1807 miseret
719 1754 733 1821 <
753 1744 808 1807 hoc
829 1752 910 1812 enim

225 1828 316 1890 verbo
335 1849 415 1888 usum
436 1827 559 1902 ferunt)
578 1830 719 1888 dicendam
740 1833 779 1888 ad
796 1853 910 1892 causam

221 1911 328 1990 postera
342 1911 386 1968 die
405 1913 522 1970 adesset.
537 1910 627 1986 Quod
643 1911 693 1970 ubi
710 1910 861 1982 auditumt
879 1922 909 1973 δε
992 1914 993 1931 ³

225 1992 404 2073 languescere
425 1993 484 2063 ira,
504 1990 592 2074 redire
607 2013 708 2063 amor,
727 2012 760 2053 ac
779 1995 803 2052 si
821 2015 909 2053 cunc·

226 2090 373 2140 serentur,
401 2075 557 2155 propinqua
582 2096 661 2144 nox,
683 2083 710 2134 &
731 2077 825 2134 uxorii
851 2097 907 2134 cu-

224 2153 315 2212 biculi
348 2175 486 2213 memoria
519 2155 692 2214 timebantur
704 2178 714 2226 3
750 2160 911 2237 prorumpit
991 2166 992 2177 ¹

223 2234 395 2307 Narcissus,
419 2237 620 2319 denuntiatque
644 2238 852 2299 centurionibus
879 2249 910 2300 &

224 2317 359 2389 tribuno,
375 2319 426 2398 qui
445 2317 581 2390 aderant,
602 2320 710 2396 exsequi
731 2323 825 2380 eedem
841 2343 851 2380 .·
866 2321 912 2381 itte

226 2400 416 2473 inperatorem
431 2399 526 2479 jubere
549 2423 560 2458 .-
582 2398 672 2460 tustos
698 2409 725 2460 δι
752 2405 867 2462 exactor
893 2423 911 2461 e

213 2479 335 2540 .libertis
346 2479 461 2540 Euodus
474 2480 563 2540 datus.
576 2481 659 2562 Isque
672 2483 777 2562 raptim
786 2484 818 2543 in
834 2480 909 2544 hor·

228 2580 273 2620 tos
293 2582 475 2644 progressus,
498 2563 599 2642 reperit
616 2561 709 2624 fusam
732 2561 833 2635 humi,
856 2573 910 2626 as'-

229 2641 337 2703 sidente
358 2663 447 2702 matre
468 2641 578 2724 Lepidi
599 2668 606 2701 ε
629 2665 692 2726 quae
713 2645 825 2714 florenti
842 2643 912 2708 filix

228 2721 306 2784 haud
333 2746 471 2796 concors,
497 2727 631 2806 supremis
652 2731 710 2805 ejus
730 2728 908 2787 necessitati-

231 2807 282 2868 bus
301 2807 338 2868 ad
360 2808 571 2870 miserationem
590 2808 680 2871 cridia
704 2828 781 2884 erat3
801 2809 910 2871 suade-
