2000 3684
206 312 604 385 A‘unrcorA.
674 306 740 405 ,ὅς’

61 433 140 494 clmo
167 433 231 494 Kal.
262 434 406 513 Septemb.
439 433 564 518 Collegi
591 435 745 516 Priscoquo

61 538 132 580 coss.
148 515 237 593 Quod
249 517 272 575 si
286 514 418 575 habitum
437 537 550 597 quoque
566 520 623 595 ejus
642 515 744 596 posteri

61 617 176 657 noscere
198 598 307 668 velint,
326 597 469 656 decentior
487 595 573 678 quim
597 599 747 658 sublimior

60 677 117 738 fuit
137 676 234 738 :nihil
250 676 341 737 metus
355 680 385 738 in
401 678 500 738 vultu:
516 680 606 761 gratia
626 681 682 739 oris
698 700 746 740 su·

60 779 199 840 peterat:
223 760 332 818 boum
360 762 452 819 virum
483 758 569 818 facul
597 759 744 832 crederes,

61 861 202 923 magnum
218 841 346 900 libenter.
361 841 400 900 Et
415 843 474 921 ipse
491 841 624 922 quidem,
640 861 745 922 quam-

61 943 151 1003 quam
168 922 264 982 medio
284 924 316 982 in
332 924 425 1002 spatio
444 925 559 1006 integre
577 925 665 984 attaris
678 943 746 982 ete-

62 1022 145 1084 ptus,
169 1023 308 1085 quantum
329 1003 367 1063 ad
386 1005 528 1087 gloriam,
544 1005 746 1087 longissimum

61 1107 155 1144 aevum
189 1086 304 1167 peregit.
343 1085 458 1165 Quippe
472 1134 476 1142 .
489 1095 517 1146 &
546 1107 611 1146 vera
644 1086 720 1146 bona
733 1131 747 1158 ,

59 1188 125 1246 quae
152 1169 183 1226 in
203 1166 350 1226 virtutibus
373 1169 426 1226 sita
448 1185 531 1237 sumt,
554 1169 720 1247 impleverat
733 1213 746 1240 ‚

59 1256 89 1309 δι
118 1247 308 1307 consularibus
336 1269 370 1306 ac
400 1246 620 1328 triumphalibus
652 1269 747 1310 orna-

60 1331 167 1388 mentis
187 1328 322 1409 praed'tto,
341 1329 411 1410 qnid
432 1330 510 1389 aliud
531 1328 667 1390 adstruere
689 1330 748 1399 fon:

60 1428 132 1470 tuna
152 1417 289 1490 poterat?
310 1411 423 1490 Opibus
442 1413 538 1470 nimiis
558 1433 616 1472 non
639 1413 747 1493 gaude-

61 1491 133 1562 bat,
161 1494 292 1571 speciosae
326 1495 502 1576 contigerant
533 1515 539 1548 :
572 1491 631 1552 filia
660 1511 749 1574 atque

58 1593 148 1634 uxore
177 1572 389 1652 superstitibus,
419 1573 509 1652 potest
537 1573 626 1632 videri
658 1575 748 1635 eriam

59 1654 180 1725 beatius,
211 1655 350 1714 incolumi
374 1655 533 1736 dignitate,
558 1655 750 1734 florentenfa-

59 1736 130 1808 mai,
144 1738 228 1796 salvis
240 1736 423 1796 affinitatibus
436 1745 464 1796 &
479 1736 633 1806 amicitiis,
652 1735 751 1799 futura

59 1815 202 1900 effugisse.
217 1818 296 1876 Nam
313 1820 394 1877 sicuti
410 1817 508 1876 durare
523 1820 552 1876 in
572 1815 626 1876 hac
644 1818 747 1890 beatis*

58 1901 129 1960 simi
138 1900 224 1958 seculi
234 1900 310 1969 luce,
325 1922 358 1959 ac
368 1901 522 1980 principem
535 1897 693 1978 Trajanum
703 1903 748 1961 vi⁴

59 1982 145 2051 dere,
164 1979 243 2061 quod
264 1984 383 2063 augurio
399 1983 528 2062 votisque
547 1981 621 2060 apud
639 1981 748 2043 nostras

58 2083 143 2123 autes
158 2064 374 2133 'ominabatur3
404 2065 445 2122 ita
477 2062 611 2122 festinatae
644 2067 746 2124 mortis

59 2142 170 2226 grande
188 2145 322 2204 solatium
337 2145 417 2215 tulit,
434 2146 553 2203 evasisse
573 2142 745 2222 postremum
838 2161 843 2172 ’

59 2225 135 2289 illud
161 2244 290 2304 tempus,
314 2247 372 2306 quo
395 2227 580 2284 Domitianus
603 2247 661 2284 non
685 2231 746 2304 jam

59 2329 112 2388 per
135 2308 283 2366 intervalla
304 2328 339 2366 ac
368 2308 538 2385 spiramenta
562 2313 747 2386 temporum,

60 2389 114 2449 scd
137 2390 275 2448 condrino
295 2397 323 2448 δι
341 2388 419 2463 velut
438 2409 496 2448 uno
515 2391 575 2448 ‹ielu
595 2388 747 2470 rempubli-

62 2491 131 2531 cam
152 2469 288 2530 exhausit.

64 2587 70 2593 -
104 2551 215 2612 XLV.
242 2552 312 2612 Non
341 2551 413 2612 vidit
438 2550 574 2636 Agricola
598 2551 744 2612 obsessam
771 2600 776 2610 .

62 2634 194 2702 curiam,
220 2642 249 2692 &
275 2634 399 2694 clausum
426 2636 512 2702 armis
542 2651 686 2704 senatum,
718 2643 748 2694 &t

60 2713 165 2776 eidem
187 2713 277 2796 strage
297 2733 341 2778 tot
359 2717 548 2780 consularium
570 2713 682 2874 papales,
703 2730 747 2776 tot

625 2817 643 2875 ¹1
