2000 3684
154 371 406 441 Aminaion
433 373 519 441 ΗΒ.
546 371 629 443 XV.
682 331 749 462 ipe

60 491 167 554 edidit.
193 493 336 631 Vologesi
354 509 432 552 vetus
453 501 479 552 δι
500 494 610 572 penitus
628 487 748 556 infixum

60 595 149 646 erat,
174 595 254 634 arma
309 595 413 632 ornana
435 574 575 633 vitandi:
603 596 656 634 nec
683 595 751 655 prae·

60 657 160 716 sentia
185 655 314 737 prospere
342 655 466 714 fluebant
494 677 502 711 ε
535 657 650 715 inritum
674 657 751 718 obsi·

60 737 148 796 dium
175 761 181 795 :
207 755 282 796 tutus
304 757 391 796 manu
417 745 444 796 δι
468 739 558 816 copiis
577 736 716 820 Tigranes
738 761 749 796 t

60 817 182 902 fugati,
208 820 257 898 qui
280 820 519 901 expugnationem
544 837 750 898 sumpserant:

61 901 161 960 missae
181 902 212 958 in
227 902 392 959 Armeniam
411 901 538 983 legiones
552 922 560 956 τ
574 909 603 960 at
619 899 681 959 aliae
697 920 750 981 pro

62 982 172 1062 Syria,
193 1000 294 1060 paratae
319 981 392 1040 ultro
412 983 569 1061 inrumpere
589 1005 597 1038 τ
615 981 671 1040 sibi
693 983 751 1040 im·

61 1063 205 1122 becillum
220 1064 344 1143 equitem
362 1061 460 1144 pabuli
477 1062 575 1143 inopia
598 1083 689 1122 tuam
704 1083 753 1122 ex·

62 1164 131 1204 orta
157 1146 200 1203 vis
225 1142 394 1203 locustarum
418 1144 583 1204 ambederat
606 1143 749 1226 quidquid

65 1223 243 1297 herbidum,
270 1245 319 1286 aut
340 1224 516 1287 frondosum.
542 1226 651 1309 lgittu,
671 1245 749 1287 metu

64 1305 216 1377 abstruso,
235 1309 348 1368 mitiora
363 1307 536 1378 obtendens,
555 1310 701 1368 masuram
713 1312 753 1368 ael

64 1392 257 1464 imperatorem
278 1388 432 1448 Romanurn
455 1391 581 1469 legatos,
604 1411 688 1465 super
703 1413 752 1465 pe·

65 1473 154 1530 tenda
168 1466 321 1540 Amaia,
338 1467 365 1531 ἃ
374 1473 615 1550 finnandapace,
636 1491 752 1550 respon-

66 1551 125 1612 det.
145 1552 286 1612 Monesen
302 1554 424 1612 emittere
446 1551 746 1632 ligranoeereajubet3

65 1636 128 1716 ipse
145 1653 219 1692 retro
236 1633 374 1693 concedit.

108 1715 166 1776 VI.
188 1715 258 1774 Haec
272 1715 378 1795 plures,
398 1734 429 1774 ut
438 1715 591 1793 fhrmidine
612 1716 705 1794 regis,
722 1713 752 1777 ὃ

71 1798 235 1858 Corbulonis
254 1799 336 1856 minis
347 1815 461 1871 patrata
476 1795 618 1876 magnifici
635 1797 752 1856 extoile-

68 1879 150 1939 bant.
173 1878 234 1938 Alii
250 1879 350 1938 occulti
365 1881 504 1957 pepigisse
532 1877 751 1955 interpretaban-

67 1980 137 2031 tur;
157 1979 187 2018 ur
205 1961 308 2018 omisso
330 1961 460 2038 utrimque
481 1960 570 2031 bello,
592 1958 751 2022 &abeunte

74 2043 230 2122 Vologese,
255 2041 387 2122 Tigranes
401 2062 499 2119 quoque
512 2041 649 2101 Armenii
661 2042 750 2103 absce-

68 2127 152 2183 deret.
175 2126 229 2182 Cur
240 2124 313 2182 enim
325 2125 471 2183 exercitum
488 2123 643 2182 Romanum
655 2145 673 2181 a
693 2125 749 2182 Ti-

65 2206 237 2285 granecenis
243 2207 409 2264 aedulium?
421 2208 582 2265 curdeserea
587 2206 750 2277 parotium,

69 2309 127 2364 quae
145 2287 216 2345 bello
233 2287 429 2364 defenderant?
442 2285 491 2346 An
509 2285 606 2344 meliis
623 2284 751 2345 hibema-

69 2370 149 2428 visse
163 2369 194 2425 in
206 2384 325 2425 extrema
345 2369 533 2442 Cappadocia,
548 2366 648 2440 raptim
658 2367 753 2427 erariis

71 2449 212 2528 tuguriis,
226 2447 306 2524 quim
321 2451 425 2507 insede
439 2448 516 2527 regni
528 2448 607 2507 mode)
625 2450 751 2509 retenti?

71 2531 297 2604 Dilataprorsus
305 2551 399 2600 amsa,
408 2547 438 2588 ut
451 2531 599 2608 Vologeses
609 2551 668 2587 cum
676 2530 753 2602 alio,

71 2611 151 2689 quam
166 2631 227 2670 eum
244 2611 408 2682 Corbulone,
421 2627 535 2672 certaret
548 2635 558 2668 .·
576 2610 689 2670 Corbulo
699 2633 753 2670 me·

72 2696 132 2752 rire
146 2711 189 2751 tot
194 2713 247 2767 per
257 2713 343 2752 aranos
351 2694 446 2772 glorie
457 2715 511 2752 non
523 2690 596 2750 altri
604 2693 754 2766 periculum

65 2775 181 2852 fheeret.
206 2773 303 2844 Nam,
325 2791 355 2834 ut
370 2775 470 2845 retuli,
490 2774 632 2854 proprium
653 2771 754 2834 ducem

72 2855 181 2917 tuende
198 2856 340 2917 armenie
358 2874 542 2938 poposcerat,
557 2864 588 2996 δί
603 2854 754 2917 adventare

608 2957 638 2998 ιν
