2000 3684
254 308 322 394 '196
364 305 400 373 C.
431 305 578 374 Coum.
611 287 807 374 'TActrr

250 427 425 499 descensum,
446 443 476 490 ut
494 447 528 484 ne
543 427 607 488 duce
623 427 727 501 quidem
748 428 891 487 Romano
907 430 956 492 in·-

249 524 436 576 sumerentur,
455 508 507 565 sed
521 508 671 564 temeritate
686 506 820 577 obsidis,
838 528 885 569 tot
897 533 947 584 per

250 606 337 647 annos
361 589 591 660 inter-mancipia
612 587 709 647 habiti.
747 588 946 654 Accendebat

251 667 380 726 dolorem
400 690 498 727 eorum
517 667 722 738 Monobazus,
743 691 839 750 quem
862 693 945 751 penes

251 748 451 810 Adiabenum·
466 751 619 830 regimen,
654 753 726 834 quod
750 755 944 824 praesidium,

251 849 301 889 out
315 833 384 890 unde
393 847 513 906 peteret,
524 831 660 912 rogitans.
678 831 741 889 lam
756 831 945 893 deArmenia

252 934 408 982 eoncessum
419 935 432 984 ‚·
454 908 626 985 &proxima
648 911 723 970 trahi
732 959 743 990 θ
770 915 837 971 nisi
857 917 945 992 defen

253 997 321 1060 dant
338 993 462 1072 Parthi:
478 993 568 1058 leuius
580 993 726 1052 seruitium
742 996 820 1067 apud
831 995 943 1062 Roma-

257 1098 308 1134 nos
331 1069 455 1143 deditis,
482 1096 562 1150 quam
586 1074 675 1146 captis
697 1096 766 1132 esse.
792 1073 943 1136 Tiridates

257 1175 371 1236 quoque
386 1156 467 1237 segni
485 1152 636 1236 profugus,
647 1174 694 1232 pet
703 1155 854 1215 silentium
868 1155 943 1217 haud

254 1236 369 1295 modico
387 1234 550 1316 querend0,
571 1236 683 1316 gravior
699 1255 766 1295 etat.
782 1237 857 1296 Non
872 1243 943 1298 enim

254 1319 371 1395 ignaviei
388 1339 487 1395 magna
502 1319 617 1391 imperio
633 1318 767 1375 contineri
785 1342 795 1375 .·
813 1321 944 1396 virorum

255 1398 823 1476 arnwrumquefaeiendumcertomen.ldin
832 1424 944 1460 suttune

250 1481 367 1559 fortuna
400 1481 524 1556 nquius,
545 1482 616 1556 quod
642 1479 775 1540 ualidius.
811 1481 860 1540 Et
894 1506 943 1548 sua

257 1563 373 1622 retinere
383 1561 503 1636 privetu
517 1561 611 1619 tomos
632 1584 642 1617 .·
657 1563 689 1618 de
703 1561 803 1620 olienis
817 1584 942 1636 certare,

259 1645 360 1722 regiam
375 1643 480 1701 laudem
499 1664 566 1700 esse.

259 1741 263 1748 ’
302 1724 339 1782 ΙΙ.
356 1724 445 1806 Igitur
459 1741 620 1784 commotus
637 1721 680 1782 his
689 1723 853 1806 Vologeses
868 1747 941 1786 con·

261 1805 358 1863 cilium
374 1822 476 1875 vocat,
496 1814 523 1864 &
541 1807 701 1883 proximum
716 1805 771 1863 sibi
788 1805 943 1868 Tiridaten

261 1883 424 1955 constituit3
444 1904 528 1966 atque
553 1887 592 1945 ita
613 1886 719 1946 orditur
740 1909 747 1945 t
767 1887 855 1946 Hune
878 1913 942 1968 ego,

258 1970 352 2025 eodem
374 1987 474 2026 meeum
489 1985 570 2042 patre
588 1971 728 2046 genitum,
749 1989 826 2044 quum
851 1971 943 2042 milti,

256 2065 445 2123 permutem,
455 2069 561 2107 summo
579 2051 685 2108 nomine
702 2052 903 2121 concessisset,
914 2054 943 2110 in

257 2132 459 2205 possessionem
479 2129 617 2190 Armenio
638 2132 758 2201 deduxi,
778 2132 823 2207 qui
843 2135 944 2192 tertius

258 2214 388 2286 potentian
396 2213 496 2290 gradus
506 2212 639 2270 habetur:
651 2234 714 2270 nom
727 2211 826 2269 Medos
842 2213 942 2270 Paco-

263 2315 311 2353 rus
326 2293 389 2352 anti
399 2311 504 2368 ceperat
522 2318 530 2351 :
549 2293 729 2369 videbarque,
743 2311 945 2354 contraoetera

259 2375 381 2454 fratrum
395 2377 458 2432 odia
479 2372 506 2433 f!
526 2377 675 2433 certamina
686 2421 698 2444 ,
709 2374 829 2450 familin
849 2376 945 2455 noflrae

261 2448 375 2530 pentius
387 2457 438 2514 rite
445 2458 626 2529 composuisse
637 2453 796 2529 :prohibent
803 2453 943 2525 Romani,

267 2533 405 2610 &pacem
427 2539 496 2610 ipsis
517 2558 659 2612 nunsquam
679 2535 807 2610 prosperi
827 2537 945 2594 lacessi-

263 2633 341 2688 tam,
356 2639 425 2676 nune
445 2630 543 2694 quoque
565 2620 594 2676 t‘n
609 2618 723 2676 exitium
740 2638 821 2674 suum
836 2617 945 2675 abmm-

263 2717 341 2772 punt.
359 2699 426 2758 Non
434 2699 482 2757 *ibo
495 2700 604 2778 inficias
623 2723 633 2755 .·
651 2695 946 2775 nquitutequitmsan·

262 2782 360 2857 guine,
383 2781 467 2840 cause
486 2779 566 2858 quiem
589 2781 696 2850 annis,
720 2781 835 2846 retinere
858 2797 946 2856 pona
