2000 3684
136 282 380 357 nemun
404 291 489 358 Lrn.
515 291 618 360 XIII.
661 313 727 380 119

46 401 210 477 obsidibus,
235 410 467 488 redintegrathue
495 412 621 472 ernieirid
631 455 642 482 ,
671 434 728 490 qun

64 488 136 544 nouis
151 509 249 564 quoque
266 490 403 570 benefieiis
419 492 506 550 locum
527 493 662 566 aperiret,
680 517 728 552 νι-

64 583 111 624 rere
121 565 257 630 Annenia
263 573 437 646 possessione
447 573 622 646 depellentur
634 577 649 632 i
662 573 728 634 Ideo

64 651 169 708 nondum
186 651 276 724 ipsunt
300 652 452 730 Vologesen
467 673 646 726 commotum,
663 655 729 732 quia

64 732 155 799 causa,
175 730 255 808 quium
271 734 304 793 νί
320 756 397 812 agere
415 736 538 794 niallent.
560 733 614 793 Sin
628 737 729 816 perfla·

64 829 129 868 retur
137 812 167 870 in
176 811 245 872 bello
254 836 270 888 ‚·
278 836 334 872 non
341 815 432 892 defore
441 815 591 876 Arsacidis
601 817 731 878 virtutem

59 889 256 970 fhrrunernque,
275 897 443 976 sapiusjam
455 899 531 956 clade
541 897 667 956 Romana
683 919 730 957 err·

63 991 166 1044 perram.
186 975 233 1034 Ad
257 997 292 1034 ea
312 976 466 1048 Corbulo,
494 980 560 1037 satis
587 995 731 1055 comperto

67 1052 218 1136 Vologesen
240 1055 401 1118 defeetione
423 1057 573 1138 Hyrcaniae
598 1059 730 1130 attineri,

68 1133 152 1219 suadet
162 1135 307 1215 Tiridati,
317 1138 445 1214 precibus
458 1143 588 1201 Cesarerrz
601 1141 732 1218 adgredi.-

67 1237 137 1286 posse
153 1217 196 1276 illi
213 1242 322 1298 regnum
334 1221 448 1301 stabile,
469 1217 496 1280 ἃ
516 1243 557 1280 res
577 1223 734 1282 incruentas

69 1299 207 1376 contingere
211 1302 261 1372 ,si
274 1303 380 1360 omissd
390 1324 438 1375 spe
450 1302 597 1380 longinqui
612 1299 638 1362 ἃ
651 1304 732 1374 serd,

68 1398 212 1450 presentem
225 1382 411 1459 potioremque
431 1402 590 1458 sequeretur.

105 1459 429 1540 XXXV111.„Placitum
443 1460 563 1533 dehinc,
581 1465 646 1540 quia
661 1485 734 1522 corn·

73 1541 211 1602 meantibus
221 1539 342 1603 invicem
351 1544 559 1614 nunciis,nilzil
566 1547 736 1602 insummam

70 1623 140 1694 pacis
150 1624 359 1703 proficiebam,
377 1625 510 1702 colloquio
528 1627 648 1698 ipsorum
668 1641 736 1683 tem-

71 1723 117 1775 pus
132 1705 264 1783 locutaque
282 1706 418 1786 destinari.
438 1705 526 1764 Mille
538 1706 656 1782 equitum
664 1727 736 1779 pre·

74 1785 165 1844 sidium
180 1785 324 1846 Tiridates
340 1785 424 1864 affore
434 1787 492 1845 sibi
504 1785 636 1856 dicebat3
650 1809 736 1864 quon-

75 1882 125 1924 turn
141 1868 283 1928 Corbuloni
297 1869 422 1948 cujusque
432 1871 538 1946 generis
556 1869 676 1927 militum
692 1871 739 1928 ad·

75 1947 187 2027 sisleret,
205 1973 261 2008 non
273 1951 408 2030 statuere,
424 1952 508 2019 dum,
519 1951 622 2024 positis
643 1949 738 2010 loricis

77 2024 212 2106 ligabis,
231 2031 372 2108 infaciem
386 2032 482 2106 pacis,
502 2031 646 2091 veniretur.
665 2029 739 2091 Cui-

77 2127 186 2192 cumque
201 2111 382 2184 mortalium,
403 2109 508 2171 nedum
525 2111 612 2169 veteri
630 2118 657 2168 δι
678 2131 744 2188 pro-

77 2191 136 2249 vido
153 2192 231 2264 duci,
242 2192 367 2254 barbarae
381 2189 485 2250 astutiae
496 2193 656 2270 patuissent.
674 2189 740 2248 Ideo

76 2291 158 2331 artum
170 2274 232 2335 inde
243 2296 380 2334 nanterum
383 2274 466 2352 finiri
472 2317 482 2342 ,
498 2269 525 2330 ὃ·
539 2271 602 2330 binc
612 2271 742 2349 majorem

78 2354 179 2430 offerri,
189 2375 219 2414 ur
230 2357 309 2414 dolus
317 2372 484 2430 pararetur:
498 2375 564 2410 nom
574 2352 658 2428 equiti
666 2395 678 2423 ,
691 2371 740 2410 sa-

31 2428 35 2438 *
77 2436 200 2510 girtarurn
219 2457 270 2495 usu
291 2436 435 2504 exercito,
455 2433 484 2492 si
508 2435 608 2492 detersa
630 2453 742 2505 corporo

79 2515 266 2595 objicerentur,
296 2516 373 2575 nihil
388 2515 557 2592 profuturam
589 2514 741 2570 neultitudi-

79 2618 141 2655 nem.
156 2596 341 2657 Dissimuluto
359 2615 455 2655 tamen
467 2594 627 2662 intellestu,
645 2591 743 2652 tersius

80 2679 108 2734 de
117 2678 178 2747 liis,
190 2700 247 2753 qun
257 2679 288 2736 ie
299 2678 436 2752 publicum
445 2677 662 2744 consulerentur,
674 2673 742 2734 rotis

79 2760 233 2820 exercitibus
255 2779 345 2818 coram
368 2760 561 2818 dissertaturos
591 2754 741 2836 respondit.
