2000 3684
235 389 780 481 Guuunuim3m

102 527 160 593 que
173 511 333 570 flammam
345 511 482 592 pinguem
499 519 528 571 δι
546 511 670 572 nientern
689 533 696 570 t
713 531 783 574 mox

48 616 74 671 j
100 611 134 652 ut
156 595 187 652 in
210 595 302 672 picem
325 593 483 651 resinamve
507 593 781 655 lentescitsnioni·

101 674 156 734 bus
173 675 306 734 Sitonum
330 692 426 756 gentes
446 675 652 734 continuantur.
678 674 784 738 Cetera

100 756 232 828 similes,
252 777 311 816 uno
333 751 489 827 differunt,
509 752 588 837 quud
608 753 716 818 femina
735 755 785 817 do-

26 836 29 838 *
102 840 229 897 minatur
242 859 249 894 t
263 839 293 898 in
306 855 417 897 tantum
427 858 487 897 non
500 833 592 896 modia
608 859 625 896 a
638 837 786 911 libertate,

103 918 155 978 sed
185 922 271 979 etiam
303 941 320 979 a
346 919 476 979 seruitute
509 917 688 1004 degenerant.
725 919 785 980 His

14 1007 17 1012 ’
102 1000 214 1062 Sueviae
232 998 304 1060 finis.

145 1081 256 1142 XLVI.
279 1082 491 1153 Peucinorum,
519 1079 761 1165 Veneriorumque
770 1125 784 1154 ,

101 1171 133 1224 δι
158 1164 318 1224 Fennorum
341 1167 470 1224 nationes
492 1163 644 1226 Germanis
663 1189 700 1226 an
719 1166 786 1226 Sar-

103 1245 379 1318 matis-adscribam,
393 1246 493 1306 dubito
510 1267 702 1330 :quamquam
714 1247 786 1308 Peu-

104 1329 194 1397 cini„
206 1349 278 1410 quos
296 1329 414 1409 quidam
428 1325 574 1390 Bastarnas
589 1335 713 1400 vocant,
730 1350 786 1388 set-

104 1430 217 1479 mone,
250 1410 348 1482 cultu,
372 1411 455 1482 sede,
487 1431 520 1469 ac
536 1409 724 1481 ·domiciiiis,
755 1429 786 1471 ut

104 1490 246 1552 Germani
265 1509 354 1574 agunt
375 1515 383 1550 t
406 1490 498 1551 sordes
521 1494 652 1552 omnium
668 1513 710 1552 *ac
730 1509 787 1551 tor·

104 1593 158 1654 por
190 1596 197 1630 ε
226 1593 373 1654 procerum
397 1572 547 1632 connubiis
572 1575 689 1642 mixtis,
715 1593 787 1632 non·

106 1651 241 1714 nihiiin
265 1655 456 1715 Sarmatarum
479 1650 610 1712 habitum
636 1651 787 1715 foedantur.

105 1735 221 1796 Venedi
249 1736 372 1795 multum
408 1755 442 1794 ex
473 1735 600 1796 moribus
633 1753 786 1796 traxerunt.

105 1817 186 1878 Nam
203 1816 352 1899 ‚quidquid
374 1817 446 1875 inter
462 1816 600 1877 Peucinos
620 1815 788 1897 Fennosque

107 1899 242 1959 silvarum
264 1921 298 1958 ac
319 1900 462 1960 montium
473 1899 614 1981 erigittu,
633 1897 789 1959 latrociniis

109 1999 277 2060 pererrant:
298 1977 329 2039 hi
348 1999 443 2041 tamen
460 1982 533 2040 inrer
550 1979 709 2042 Germanos
728 2000 787 2060 po-

109 2060 163 2122 titis
182 2061 350 2136 referuntur,
367 2059 438 2145 quia⁴
452 2071 480 2122 &
495 2058 599 2122 domos
613 2059 743 2145 fingitur,
760 2069 790 2122 &

108 2163 188 2204 scuta
204 2141 313 2226 gestant
322 2191 334 2214 ,
351 2153 378 2205 &
395 2143 502 2224 pedum
514 2164 567 2202 usu
579 2163 613 2202 ac
625 2144 789 2223 pernicitate

109 2224 255 2309 gaudent,
289 2247 350 2307 quae
382 2227 482 2284 omnia
517 2223 625 2284 diversa
655 2223 791 2284 Sarmatis

109 2324 203 2378 sunt,
236 2307 267 2365 in
299 2303 420 2386 plaustro
455 2325 586 2386 equoque
620 2304 790 2366 viventibus.

109 2388 213 2448 Fennis
227 2389 299 2446 mira
315 2387 427 2458 feritas,
440 2385 518 2446 foeda
537 2403 682 2468 paupertas
701 2407 708 2443 t
730 2408 792 2447 non

110 2489 210 2540 arma,
240 2491 299 2529 non
325 2470 408 2550 equi,
438 2490 498 2528 non
528 2485 641 2548 penates
665 2490 673 2525 r
700 2467 794 2529 viCtui

81 2618 87 2635 .
110 2548 224 2619 herba,
252 2548 363 2610 vestitui
390 2549 475 2630 peiles
484 2595 496 2621 ,
531 2549 622 2608 cubile
651 2546 753 2609 humus
783 2571 793 2608 ε

110 2633 172 2693 sola
182 2633 214 2692 in
224 2633 332 2714 sagittis
346 2652 422 2713 spes,
435 2653 522 2713 quas,
536 2629 634 2710 inopii
647 2627 734 2699 ferri,
749 2651 795 2690 οε·

112 2714 188 2774 sibus
222 2732 358 2794 asperam.
399 2712 537 2793 Idemque
570 2729 686 2772 venatus
717 2712 795 2772 viros

111 2795 215 2875 pariter
232 2815 266 2854 ac
287 2793 407 2854 feminas
431 2795 490 2853 alit.
511 2793 620 2852 Passim
640 2793 718 2852 enim
738 2814 793 2852 co·

111 2894 270 2950 mitantur,
291 2895 454 2959 partemque
475 2873 573 2958 praedae
595 2892 702 3016 pegam.
728 2874 792 2936 Nec

676 2975 706 3018 rr
