2000 3684
214 341 282 408 330
335 316 372 385 C.
406 316 550 386 cortu.
587 315 806 384 Taeter·

209 439 331 520 plorum.
350 435 407 496 Sed
422 432 516 516 primo
534 435 653 497 Cerialis
670 434 762 496 modo
782 423 894 498 labores

210 528 238 580 δι
260 518 443 587 discrimina,
467 537 536 577 mox
557 526 585 578 δι
615 518 736 612 gloriam
763 527 894 578 commu-

210 600 326 660 nicabat
350 623 358 657 x
387 620 458 679 saepe
480 600 552 678 parti
576 596 711 658 exercitiis
734 601 766 658 in
790 602 895 681 expeti·

209 700 360 752 mentum,
384 680 540 761 aliquando
563 681 716 758 majoribus
740 683 834 760 copiis
865 702 895 742 ex

209 782 313 822 eventu
338 762 459 840 praefecit
488 783 496 818 :
520 781 572 820 nec
594 763 731 844 Agricola
756 783 895 844 umquam

210 844 241 904 in
261 864 339 903 suam
361 843 470 904 famam
490 841 574 926 gestis
593 845 761 913 exsultavit3
777 843 816 902 ad
836 867 897 904 auc·

211 945 303 986 torem
327 936 354 984 &
374 925 495 995 ducem,
521 941 553 984 ut
578 922 721 995 minister,
744 921 895 986 fortunam

210 1005 371 1068 referebat:
394 1007 434 1066 ita
453 1005 556 1065 virtute
574 1007 604 1064 in
622 1006 832 1088 obsequendo,
852 1029 896 1067 ve·
922 1039 923 1044 κ

211 1087 344 1148 ιεειιῃδίὲ
363 1090 394 1146 in
418 1085 616 1167 predicando,
634 1107 709 1148 extra
733 1087 898 1162 invidiam,

210 1190 264 1230 nec
282 1190 359 1229 extra
377 1169 498 1251 gloriam
519 1187 585 1229 erat.
615 1245 617 1250 k

253 1251 305 1312 IX.
331 1251 528 1319 Revertentem
549 1251 586 1310 ab
607 1251 751 1333 legatione
772 1248 897 1334 legionis

211 1329 293 1392 divus
306 1333 496 1412 Vespasianus
513 1335 584 1392 inter
601 1333 731 1412 patricios
752 1331 898 1406 adscivit,

211 1429 248 1474 'ac
266 1414 367 1474 deinde
386 1416 536 1495 provinciae
553 1415 713 1496 Aquitaniae
730 1417 898 1494 preposuit,
941 1438 943 1441 ¹

213 1495 365 1576 splendida
378 1497 408 1556 in
425 1497 522 1576 primis
537 1495 700 1578 dignitatis,
718 1494 900 1556 administra·

215 1578 294 1638 tione
323 1600 356 1638 ac
382 1597 429 1657 spe
457 1575 635 1649 consulatis,
666 1578 711 1636 cui
736 1575 898 1639 destinarat.

215 1659 346 1719 Credunt
359 1660 483 1741 plerique
503 1659 670 1718 militaribus
688 1660 812 1742 ingeniis
831 1661 898 1719 sub·

213 1741 346 1808 tilitarem
365 1741 476 1812 deesse,
496 1742 563 1822 quia
582 1738 898 1820 castrensis'jurisdistio

214 1842 309 1884 secura
327 1832 355 1882 &
372 1823 516 1894 obtusior,
533 1844 566 1882 ac
584 1823 662 1904 plura
680 1843 767 1882 manu
790 1843 898 1906 agens,

216 1903 400 1962 calliditatem
432 1903 488 1963 foti
508 1923 570 1963 ‘non
597 1922 731 1964 exerceat.
759 1906 899 1988 Agricola

213 1985 335 2045 naturali
343 1983 514 2063 jprudentiai,
529 1987 659 2067 quamvis
676 1988 748 2045 inter
762 1993 898 2069 rogatos,

216 2063 302 2126 facile
319 2063 444 2148 justeque
466 2067 579 2150 agebat.
598 2068 664 2128 Jam
680 2065 749 2127 verti
769 2073 899 2147 tempora

217 2169 345 2208 curarum
358 2150 612 2230 remissionumque
628 2148 718 2209 divisa
738 2170 744 2206 :
763 2149 813 2208 ubi
833 2171 900 2210 con·

215 2226 314 2291 vennas
333 2250 367 2291 ac
386 2230 491 2311 juditia
520 2235 685 2312 poscerent,
708 2231 822 2314 gravis,
848 2231 899 2289 in-

217 2329 328 2382 tentus,
357 2333 489 2384 severae,
517 2321 544 2371 δι
572 2313 669 2392 saepius
702 2313 858 2370 misericors
889 2333 899 2371 a

218 2393 269 2452 ubi
282 2394 385 2453 ‘officio
399 2392 607 2465 satisfactum,
624 2391 701 2451 nulla
720 2390 792 2452 ultr‘a
810 2403 900 2471 potes·¹

217 2475 283 2542 tatis
295 2495 415 2556 persona
431 2498 437 2532 ε
452 2473 614 2544 tristitiam,
635 2483 663 2534 δε
682 2475 899 2556 arrogantiam,

147 2627 150 2630 ⁴
218 2558 418 2617 &⁴avaririam
436 2571 561 2616 exsuerat
578 2579 585 2613 ε
604 2575 656 2614 nec
677 2555 737 2626 illi,
760 2553 838 2635 quod
860 2552 901 2612 est

218 2639 419 2708 rarissimum,
453 2657 502 2698 aut
530 2636 650 2697 facilitas
673 2637 899 2704 auctoritatem,

219 2737 268 2777 aut
294 2721 423 2781 severitas
446 2740 573 2779 amorem
599 2717 746 2778 deminuit.
772 2717 899 2800 Integriss

219 2817 306 2861 tarem
336 2820 421 2884 atque
445 2800 645 2864 abstinentiam
670 2801 701 2862 in
725 2817 806 2862 tauto
837 2800 899 2860 vua
