2000 3684
197 315 266 383 304
325 293 362 362 C.
390 293 534 364 coin.
566 293 746 376 Taciti

234 411 347 473 XXVI.
368 413 459 472 Fenus
477 414 602 496 agitare,
619 421 646 472 &
661 413 692 472 in
711 429 807 472 usuras
824 433 876 472 ex·

195 494 329 563 tendere,
345 491 477 576 ignotum
495 517 502 550 :
522 491 641 573 ideoque
662 495 755 575 magis
778 513 875 554 serva-

196 594 258 644 tur,
272 572 358 656 quim
377 573 401 634 si
415 577 535 634 vetitum
554 593 633 634 esset.
651 575 739 656 Agri,
756 593 808 654 pro
824 596 876 634 nu·

195 676 275 714 mero
303 657 465 727 cultorum,
499 656 536 715 ab
566 657 698 716 universis
725 675 773 734 per
798 657 876 716 vices

194 756 383 815 occupantur,
403 758 561 818 quos-mox
580 738 651 796 inter
669 757 697 796 se
719 737 876 798 secundum

196 814 392 900 dignationem
411 819 564 898 partiuntur
587 812 781 876 :facilitatem
806 840 874 898 pat-

197 897 305 968 tiendi,
332 919 496 978 camporum
521 899 611 978 spatia
633 896 768 978 praestant.
797 901 877 960 Arva

198 999 247 1060 per
268 1001 356 1039 annos
379 1000 507 1050 mutant,
525 989 552 1040 &
571 977 689 1058 superest
709 1003 726 1038 a
748 999 776 1038 er
795 1003 804 1038 t
823 1001 877 1039 nee

199 1063 276 1119 enim
306 1082 369 1120 cum
402 1061 582 1137 ubertate&
608 1001 793 1140 amplituiine
824 1062 879 1122 soli

199 1140 296 1209 labore
314 1141 501 1213 contendunt,
521 1162 552 1202 ut
567 1143 694 1220 pomaria
712 1161 877 1212 conserant,

201 1227 229 1282 &
247 1241 324 1302 prata
341 1243 485 1302 separent,
508 1232 535 1284 &
556 1219 653 1294 hortos
676 1225 794 1306 rigent:
819 1224 880 1284 sola

201 1320 278 1363 terrae
295 1324 372 1386 seges
392 1307 552 1385 imperatur.
568 1303 656 1365 Unde
671 1326 778 1364 annum
799 1327 879 1386 quo-

202 1405 257 1464 que
276 1385 367 1464 ipsum
386 1407 445 1446 non
469 1387 499 1444 in
521 1384 641 1444 totidem
664 1385 795 1468 digerunt
818 1407 883 1467 spe-

204 1467 281 1524 cies:
298 1462 387 1525 hiems
405 1477 432 1527 &
450 1487 499 1527 ver
517 1475 545 1526 &
558 1464 637 1526 aestas
654 1468 829 1526 intellectum
849 1489 882 1536 ae
945 1477 952 1484 '

204 1547 344 1608 vocabula
366 1545 499 1608 habent:
524 1549 653 1608 autumni
674 1547 788 1628 perinde
821 1571 880 1610 no-

205 1647 272 1686 men
292 1649 325 1686 ac
345 1629 422 1690 bona
443 1631 615 1711 ignorantur.

246 1707 373 1768 XXVII.
400 1711 539 1770 Funerum
562 1711 643 1770 vnulla
664 1712 786 1771 ambitio
818 1733 825 1768 ε
852 1709 884 1772 id

206 1788 299 1848 solum
328 1791 490 1850 observatur
503 1839 515 1862 ,
539 1811 569 1852 ut
597 1813 712 1871 corpora
744 1793 884 1852 clarorum

206 1870 331 1929 virorum
362 1871 442 1932 certis
468 1872 554 1955 lignis
576 1893 739 1942 crementur.
773 1875 884 1934 Struem

207 1952 271 2032 rogi
282 1971 333 2010 nec
348 1948 483 2023 vestibus,
495 1975 547 2012 nec
560 1952 694 2014 odoribus
710 1955 856 2014 cumulant
876 1979 885 2014 t

208 2053 258 2092 sua
287 2032 389 2114 cuique,
413 2056 515 2106 arma,
549 2035 738 2116 quorumdam
767 2037 829 2118 igni
858 2045 885 2096 δι

209 2129 296 2194 equus
323 2113 459 2195 adjicitur.
483 2117 650 2196 ¹Sepulcrum
674 2137 766 2196 cespes
791 2118 883 2254 eripit.

179 2218 182 2224 ·
208 2195 462 2268 Monumentorum
481 2199 599 2258 arduum
620 2208 647 2258 δι
665 2217 815 2278 operosum
852 2220 887 2256 o-

210 2298 326 2348 norem,
349 2298 380 2337 ut
403 2301 518 2362 gravem
538 2277 697 2349 defunctis,
717 2279 887 2358 adspernan-

211 2378 263 2419 tur.
286 2359 424 2420 Lamenta
446 2382 478 2420 ac
500 2361 639 2442 lacrymas
662 2359 740 2430 cirin
759 2360 885 2420 dolorem

211 2437 397 2499 &tristitiam
416 2440 492 2502 tarde
511 2461 628 2522 ponunt.
649 2441 773 2500 Feminis
794 2441 887 2524 lugere

167 2571 170 2575 .
213 2517 360 2580 honestum
388 2520 447 2593 est3
475 2525 542 2584 viris
563 2525 731 2584 meminisse.
761 2523 830 2582 Haec
858 2524 887 2584 in

214 2623 366 2662 commune
388 2603 422 2663 de
443 2607 573 2665 omnium
599 2605 807 2665 Germanorum
825 2604 885 2661 ori-

213 2683 281 2765 gine
296 2705 329 2742 ac
346 2685 471 2745 moribus
483 2689 639 2767 accepimus
654 2711 660 2743 ε
678 2707 751 2748 nunc
761 2684 890 2765 singula-

214 2783 275 2824 rum
297 2762 424 2850 gentium
447 2764 571 2830 instituta
591 2768 733 2852 ritusque,
754 2785 889 2848 quatenus
