2000 3684
171 321 174 328 ,
251 257 512 330 AnnArrurt
535 259 621 332 lta.
645 263 730 334 XII.
791 290 836 352 39

134 379 295 464 -pondetat
319 380 474 441 Odiavianr
502 380 625 454 Caesa13
647 386 836 466 juvenemque

153 473 183 524 δι
205 463 261 523 alii
280 463 404 534 clarum,
424 463 529 546 insigni
551 462 783 544 triumphalium,
805 476 836 528 δι

175 544 318 605 ladiatorii
340 546 460 606 muneris
479 543 712 626 magnificentia,
732 567 832 626 protu-

151 565 226 688 ierat
253 627 290 688 ad
310 625 399 685 studia
420 627 508 710 vulgi.
533 627 587 687 Sed
614 625 687 688 nihil
714 628 835 691 arduum

151 708 303 770 videbatur
323 708 466 768 inanimo
483 710 635 789 principis,
656 711 701 768 cui
716 732 775 770 non
792 715 837 790 ju·

153 789 286 861 dicium,
311 811 371 850 non
396 789 496 850 odium
518 810 596 862 erat,
617 789 671 851 nisi
695 791 785 852 indita
804 801 835 854 dc

135 875 238 952 ,jussa
391 939 394 945 Δ
757 897 764 911 ·

153 997 156 1004 ·
198 953 252 1012 IV.
274 951 363 1034 Igitur
386 952 545 1020 Vitellius,
572 953 689 1012 nomine
714 955 837 1015 censoris

155 1035 269 1094 serviles
294 1032 420 1094 'fallacias
441 1035 597 1115 obtegens,
622 1035 832 1117 ingruentium-

154 1137 212 1198 que
230 1115 460 1176 dominationum
476 1117 618 1195 provisot‚
635 1113 695 1196 qud
711 1119 834 1200 gratiam

153 1199 319 1280 Agrippina
347 1217 477 1277 pararet,
503 1195 626 1256 consiliis
656 1203 715 1277 ejus
737 1200 837 1280 impli-

134 1346 136 1352 y
155 1281 234 1351 cari,
250 1300 335 1338 serere
352 1281 470 1340 crimina
485 1280 515 1338 in
536 1278 686 1350 Silanum,
706 1280 751 1339 cui
765 1282 835 1342 sanc

153 1361 259 1421 decora
286 1370 437 1440 &procax
460 1380 556 1430 sotor,
577 1361 662 1420 Junia
686 1359 836 1434 Calvina,

152 1439 235 1502 haud
258 1441 376 1502 multtim
396 1442 461 1504 ante
479 1441 593 1501 Vitellii
611 1463 694 1501 nutus
715 1440 835 1502 fuerat:

133 1591 137 1600 ,
152 1522 224 1587 hinc
244 1525 357 1584 initium
371 1523 572 1593 accusationis,
586 1521 759 1602 fratrumque
774 1545 836 1592 non

152 1603 317 1676 incestum,
342 1605 390 1666 sed
414 1603 615 1666 incustoditum
639 1624 766 1663 amorem
795 1603 836 1669 ad

152 1687 308 1748 infamiam
318 1689 401 1747 traxit
411 1712 420 1746 r
430 1696 457 1748 &
470 1686 611 1766 praebebat
624 1684 719 1746 Caesar
733 1706 811 1746 autes
821 1731 836 1758 ,

152 1768 328 1851 accipiendis
342 1768 488 1830 adversum
511 1788 644 1851 generum
661 1768 835 1846 suspicioni·

153 1852 210 1912 bus
234 1854 345 1912 emittite
371 1848 435 1912 filix
458 1851 623 1990 promptior.
642 1849 684 1908 At
700 1849 836 1922 Silanus,

154 1933 322 1994 insidiarum
335 1934 464 2003 nescius,
480 1953 513 1991 ac
544 1931 604 1990 orti
619 1952 655 1990 eo
671 1952 748 1991 anuo
766 1951 837 2009 prae-

153 2036 219 2086 tor,
246 2031 358 2094 repente
382 2034 429 2094 pet
453 2011 578 2084 ediciam
604 2011 717 2071 Vitellii
734 2011 837 2072 ordine

134 2099 299 2158 .senatorio
320 2115 465 2165 movetur,
487 2114 662 2175 quamquam
679 2094 754 2152 iccio
776 2095 836 2172 pri-

153 2179 224 2238 dem
252 2197 370 2248 senatu,
399 2171 539 2257 lustroque
572 2174 688 2233 condito
715 2197 722 2230 ι
750 2174 839 2248 simul

154 2257 333 2322 adfinitatem
354 2255 492 2320 Claudius
512 2256 648 2325 diremit3
663 2254 833 2334 adallusque¹

133 2343 270 2405 *Silanus
291 2346 395 2420 ejurare
420 2335 643 2422 magistratum„
659 2343 687 2396 δι
711 2334 833 2422 reliquus

133 2443 278 2508 ¹praeturae
303 2422 362 2484 dies
378 2421 409 2480 iu
422 2419 540 2500 Eprium
556 2417 727 2481 Marcellum
744 2417 833 2479 colla·

132 2525 200 2569 ¹tus
220 2503 267 2572 est.
805 2545 812 2574 ·.

199 2589 239 2648 V.
259 2585 296 2648 C.
317 2585 474 2662 Pompeio,
491 2582 531 2660 Q.
541 2581 668 2642 Veranio
679 2600 749 2640 coss.
759 2601 831 2658 pac·

132 2689 220 2743 ‘tum
238 2669 309 2734 inter
327 2665 483 2736 Claudiurn¹
505 2673 532 2725 δι
550 2664 738 2746 Agrippinam
762 2682 834 2722 nra·

132 2752 325 2822 surimouium
341 2754 401 2830 jam
418 2744 518 2818 fami,
530 2751 589 2827 jam
610 2764 706 2806 amore
721 2743 836 2806 inlicito
