2000 3684
208 335 251 394 62
324 323 361 392 C.
390 320 547 391 Gonu.
580 321 789 390 Tuom

205 440 310 511 tanati
326 444 494 512 disseruere3
511 462 594 520 neque
609 439 701 500 urinis
716 440 750 500 id
764 442 892 514 clarumj

205 526 287 606 quim
306 547 386 603 quum
406 523 551 598 siphacem
575 522 612 582 P.
637 520 755 595 Scipio,
782 523 893 583 Persen

205 609 242 670 L.
271 608 407 675 Paullus,
426 603 453 666 δ’
468 607 496 664 si
512 606 559 682 qui
570 604 623 664 alii
634 605 742 665 vindos
754 625 833 683 reges
839 627 896 679 po·

204 691 271 767 pulo
290 689 415 748 Romano
433 689 572 769 ostendite.
597 683 758 745 Censentur
781 685 896 768 Ostorio

208 771 340 846 triumphi
361 771 484 848 insignio
496 791 510 840 ‚-
535 767 672 848 prosperis
693 765 731 825 ad
756 766 787 826 id
810 767 897 829 rebus

208 859 289 934 ejus,
307 873 375 912 mox
393 850 536 933 ambiguis
562 872 569 906 t
590 848 669 919 sive,
693 847 774 928 qudd
792 869 897 909 amoto

212 935 391 1004 Carudaco,
411 934 491 1014 quasi
502 929 676 991 debellatum
687 928 781 1002 foret,
800 932 898 992 minuis

211 1019 321 1078 intenta
338 1014 413 1097 apud
432 1037 484 1076 nos
501 1013 604 1073 militia
623 1009 678 1070 fuit
688 1033 699 1082 3
709 1013 770 1072 sive
781 1010 896 1084 hostes,

212 1100 393 1160 miseratione
403 1098 475 1155 tanti
484 1098 574 1178 regis,
592 1091 683 1152 accitis
699 1093 737 1154 ad
754 1095 899 1154 ultionem

213 1199 345 1240 exarsere.
365 1175 531 1238 Praefeeiusn
552 1171 726 1246 caſtrorum,
747 1183 777 1235 &
797 1177 824 1235 le
849 1179 898 1236 ‘o-
982 1190 983 1235 3

213 1263 306 1322 nutias
331 1256 481 1327 cohortes,
501 1256 671 1318 exstruendis
692 1256 768 1336 apud
791 1197 859 1318 Siil
870 1281 901 1319 us

215 1343 350 1424 praesidiis
375 1341 505 1411 relidas,
541 1337 780 1399 circumfimdunt.
803 1342 850 1400 Ac
870 1343 903 1401 ui

119 1424 122 1432 ’
216 1423 274 1484 titd
297 1425 413 1484 vicis&
434 1420 552 1481 castellis
571 1422 706 1499 proximis
727 1421 902 1482 subdentem

217 1506 312 1578 foret,
334 1507 421 1584 copiae
440 1501 502 1565 trinu
520 1501 670 1562 occidione
691 1503 902 1565 occubuissent.
983 1544 984 1579 5

217 1587 367 1650 Praefectus
390 1606 486 1646 tamen
510 1594 537 1645 δι
563 1588 631 1645 odio
649 1586 847 1657 centuriones,
869 1607 903 1647 ac

218 1672 443 1752 promptissimus
475 1668 594 1748 quisque
625 1668 787 1745 manipulus
821 1669 902 1728 ceci-

219 1753 315 1812 dere:
344 1772 396 1812 net
428 1747 520 1810 multo
552 1745 616 1827 pdst
642 1748 803 1826 pabulantis
828 1772 903 1811 nos·

220 1853 298 1904 tros,
318 1835 473 1912 missasque
491 1828 529 1890 ad
545 1829 702 1890 subsidium
713 1850 821 1892 turmas
838 1852 907 1914 pro-
984 1886 985 1897 t

221 1918 252 1976 fli
274 1934 330 1976 ant.

293 1995 394 2056 XXIX
423 1993 502 2054 Tum
521 1991 652 2054 Ostorius
670 1992 803 2054 cohortes
820 2016 907 2076 expe-

223 2079 296 2140 ditas
319 2078 445 2158 exposuit
467 2099 474 2133 t
493 2096 545 2135 nec
565 2075 631 2135 ideo
649 2075 750 2159 fitgam
770 2075 908 2150 sistebat,

223 2163 256 2226 ni
281 2161 408 2244 legiones
430 2158 561 2238 proeiium
590 2160 788 2238 excepissent:
810 2181 909 2219 earum

225 2242 326 2306 robore
345 2259 454 2324 aequutu
467 2261 584 2323 pugna,
603 2239 671 2299 dein
688 2242 771 2300 nobis
782 2261 834 2320 pro
843 2263 910 2302 me·

224 2327 297 2388 liore
315 2323 369 2386 fuit
391 2347 398 2382 ι
421 2319 545 2405 effugite
567 2318 675 2393 hostes,
689 2325 767 2384 tenui
778 2322 909 2396 domno,

226 2411 295 2490 quia
316 2406 471 2468 inclinabat
488 2404 557 2463 dies.
579 2403 689 2463 Crebra
708 2402 776 2464 hinc
788 2406 912 2485 proelia,

226 2500 257 2551 1&
267 2488 404 2570 saepiusin
416 2484 536 2546 modum
552 2487 694 2546 latrocinii
714 2508 722 2544 ε
744 2509 792 2568 per
803 2489 911 2560 saltus,

228 2593 278 2654 per
298 2569 430 2651 paludes3
450 2589 481 2628 ut
501 2570 601 2649 cuique
623 2566 705 2638 fors,
729 2589 778 2628 aut
799 2573 914 2630 virtuss

157 2665 160 2671 '
230 2673 354 2724 temere,
380 2653 511 2732 proviso;
531 2651 571 2708 ob
592 2651 684 2720 uam,
704 2651 744 2710 ob
762 2651 914 2734 praedant5

230 2733 316 2817 jussu,
328 2745 355 2796 δι
367 2732 520 2815 aliquando
532 2733 638 2815 ignaris
647 2732 766 2792 ducibus
779 2755 786 2789 :
797 2754 832 2791 ac
847 2754 920 2816 prx-

232 2815 315 2901 cipui
329 2817 451 2880 Silurum
462 2804 640 2898 pervicasii,
656 2835 729 2898 quos
739 2815 919 2880 accendebat
