2000 3684
174 274 426 383 Annaliun
450 310 536 380 [ιε.
560 309 662 382 XIV.
692 331 758 399 ¹49

121 431 178 493 IX.
203 433 275 493 Haee
304 449 441 493 consensu
459 431 621 512 produntur.
642 431 759 510 Adspe-

79 512 188 574 xeritne
203 531 323 573 matrem
344 516 504 574 exanimem
525 513 627 585 Nero,
649 522 676 574 δι
693 513 758 574 for·

78 616 158 654 nram
191 596 315 676 corporis
343 600 401 674 ejus
424 595 599 666 laudaverit,
623 614 686 654 sunt
708 597 759 678 qul

78 675 269 748 tradiderint,
297 695 360 736 sunt
387 678 438 757 qul
457 678 592 737 abnuant.
622 675 760 738 Cremera

79 755 119 816 est
142 761 229 817 nodie
255 757 354 816 eadem
378 759 521 819 convivali
543 758 638 827 ledo,
657 765 684 818 δι
704 777 757 816 ex-

78 839 184 919 sequiis
201 839 325 908 vilibns;
343 859 378 898 ne
399 860 455 909 ue,
477 839 547 899 dunt
569 839 650 899 Nero
667 855 760 898 retunt

79 919 263 1000 potiebatur,
286 861 418 1001 congeiin
441 939 492 979 aut
511 921 604 980 clausu
629 917 757 978 humus:

80 1020 149 1060 mox
166 997 386 1060 domesticorum
404 999 489 1071 turi,
510 1001 600 1062 levem
619 1000 760 1060 tumulum

80 1084 210 1162 accepit,
234 1083 310 1142 viam
333 1083 441 1142 Miseni
459 1101 592 1163 propter,
613 1091 641 1141 δι
661 1081 760 1142 villam

81 1161 200 1227 cesaris
232 1162 398 1234 diuaroris,
427 1183 489 1244 qux
516 1164 654 1234 subiedlos
685 1165 760 1224 sinus
829 1232 832 1240 ,

81 1243 236 1305 editissima
252 1247 418 1324 prospeileo
438 1240 570 1304 Accenso¹
586 1265 659 1328 rogo
676 1244 759 1304 liber·

80 1344 123 1385 tus
145 1331 204 1404 ejus
215 1370 227 1394 ,
247 1345 440 1408 cognomento
454 1324 593 1397 Mnester,
609 1329 666 1406 ipse
685 1325 759 1386 ferro

80 1427 109 1466 se
127 1407 285 1488 transegit3
310 1408 447 1466 incertum
472 1409 585 1467 caritate
607 1409 636 1466 in
659 1426 758 1487 parro-

80 1508 167 1558 nam,
181 1509 220 1547 an
236 1505 314 1546 metu
328 1489 414 1549 exitii.
431 1488 517 1548 Hunc
530 1488 572 1549 sui
588 1485 673 1547 finem
686 1489 762 1546 mul-

82 1586 125 1628 tos
140 1587 207 1628 ante
223 1589 314 1628 annos
333 1568 486 1629 crediderat
498 1570 676 1651 Agrippina,
691 1589 761 1628 eon·

82 1668 297 1732 tempneratque.
320 1650 400 1709 Nam
422 1650 579 1710 consulenti
600 1667 679 1728 supet
703 1649 762 1708 Ne·

80 1751 172 1803 rone,
191 1729 392 1810 responderunt
417 1730 567 1802 Chaldaei,
580 1729 692 1808 fiarent
708 1732 762 1790 im-

76 1830 212 1888 peraret,
233 1830 394 1890 motumque
414 1816 545 1874 occideret
565 1831 671 1894 :atque
696 1813 762 1886 illa,

86 1893 226 1962 Occidet,
246 1895 359 1973 iuquit,
377 1897 440 1953 dum
460 1897 579 1968 imperet.

120 1974 162 2033 X.
186 1971 243 2032 Sed
257 1997 274 2032 a
288 1974 416 2046 Caesare,
432 1975 557 2055 perfedlo
574 1975 692 2034 demum
707 1995 764 2035 sce-

81 2055 158 2126 lere,
180 2054 350 2135 magnitudo
371 2060 430 2127 eius
447 2058 588 2115 intelledia
610 2053 649 2114 est
671 2080 677 2112 τ
702 2057 764 2116 teli-

80 2158 140 2218 qno
162 2137 274 2213 nodlis,
296 2133 385 2195 modi>
407 2157 455 2216 per
473 2137 616 2196 silentium
641 2135 764 2208 defixus,

81 2219 182 2298 saepius
203 2237 307 2297 pavore
325 2237 489 2302 exsurgens,
504 2226 532 2277 dt
545 2216 647 2276 mentis
661 2219 765 2296 inops,

81 2299 177 2358 lucem
210 2297 434 2378 opperiebatur,
461 2317 611 2378 tamquam
646 2299 766 2358 exitium

81 2380 253 2441 adlaturam.
279 2379 375 2461 Atque
398 2399 485 2451 euru,
503 2381 628 2440 'truciore
658 2379 766 2452 Butro‘,

81 2463 176 2541 prima
197 2463 394 2520 cenmrionutn
410 2461 642 2543 tribunorumque
662 2460 766 2522 adula-

82 2544 125 2601 tio
144 2541 183 2602 ad
195 2562 276 2621 spem
295 2539 433 2614 firmavit,
452 2545 640 2622 prensantium
658 2561 765 2618 manu,

82 2625 335 2705 gratantiumque,
357 2625 430 2701 qudd
450 2625 595 2684 discrinten
626 2624 766 2698 improvi-

80 2728 162 2775 sum,
180 2701 208 2765 ἃ
221 2705 439 2782 matrisfacinus
451 2706 595 2766 evasisset.
608 2705 704 2764 Amici
718 2704 768 2764 de-

81 2783 149 2846 hinc
169 2785 250 2848 adire
274 2785 379 2866 templa
391 2809 408 2852 ⁴:
428 2794 475 2857 dr,
497 2805 595 2928 coeptg
614 2788 763 2870 exemplo,

616 2887 646 2946 ¹¹1
