2000 3684
247 330 315 389 116
367 323 404 390 e.
437 322 579 390 corn.
613 289 822 388 mm

242 440 326 500 daren
346 440 406 499 dati
424 461 441 499 a
459 459 488 498 se
509 438 589 520 regni
608 457 750 519 expertem
773 459 833 499 esse
842 477 855 510 ,
877 457 931 500 aut

241 522 339 592 alienae
357 522 387 580 id
401 521 531 600 potentiae
547 519 655 578 donum
668 519 771 579 habere
784 529 831 579 1&
847 519 931 580 (ἴοι-ψ

242 602 311 660 bulo
325 601 445 684 dignum
462 600 657 679 magnitudine
677 603 775 680 populi
794 600 929 661 Romani

241 683 372 752 rebatur,
397 701 474 762 parta
494 681 598 740 olima
619 683 739 741 Lucullo
760 681 928 760 Pompeio*

265 784 299 822 ue
321 766 448 842 recipere.
472 761 520 821 Ad
544 759 603 820 haec
628 764 758 822 Armenii
785 764 930 846 ambigua

243 785 300 903 ide
320 863 435 924 utruque
455 864 533 902 arma
556 842 735 914 invitabant,
759 845 816 902 situ
839 863 930 904 terra-

245 945 326 995 rum,
350 923 532 984 similitudine
549 945 661 982 morum
678 920 789 984 Parthis
811 927 929 1004 propio-

245 1025 307 1075 res,
333 1008 535 1084 connubiisque
556 1007 707 1084 permixti,
735 1026 768 1064 ac
795 1005 931 1065 libertate

245 1085 367 1167 ignora,
385 1088 453 1145 illue
482 1087 579 1167 magis
602 1083 638 1144 ad
669 1086 815 1145 servitium
838 1088 929 1146 incli-

245 1185 351 1227 nantes.

287 1244 414 1306 XXXV.
431 1247 488 1306 Sed
505 1243 666 1307 Corbuloni
688 1245 749 1328 plus
770 1249 859 1306 molis
878 1249 931 1310 ad⁴

246 1347 350 1388 versus·
364 1329 510 1407 ignaviam
541 1329 687 1399 militum,
715 1327 802 1409 qu‘arn
829 1351 930 1391 contra

248 1406 399 1489 perfidiam
430 1407 553 1468 hostium
588 1430 654 1470 erar.
693 1410 809 1489 Quippe
846 1411 932 1492 Syriai

249 1509 409 1549 transmotae
432 1492 579 1572 legiones,
599 1512 666 1570 pace
686 1490 775 1574 longi
803 1512 931 1573 segnes,

249 1574 347 1632 munia
369 1572 566 1630 Romanorum
591 1572 733 1654 aegerrime
757 1573 931 1635 tolerabant.

250 1653 324 1712 Satis
342 1650 465 1712 constitit
486 1651 569 1710 fuisse
590 1655 619 1710 in
643 1674 676 1712 eo
700 1655 822 1712 exercitu
844 1674 930 1714 vete-

249 1753 353 1803 ranos,
380 1735 430 1814 qui
452 1754 510 1791 non
535 1729 707 1807 stationem,
730 1755 790 1815 non
814 1736 933 1816 vigilias

251 1816 386 1884 inissent,
399 1814 506 1872 vallum
518 1811 697 1896 fossamque,
709 1817 790 1894 quasi
806 1837 886 1874 nova
903 1826 932 1877 &

251 1897 346 1964 mira,
364 1897 484 1952 viserent
491 1917 502 1964 3
525 1897 584 1954 sine
609 1898 715 1976 galeis,
738 1897 796 1955 sine
815 1898 933 1971 loricis,

245 1975 337 2033 nitidi
352 1984 380 2034 &
396 1973 561 2055 questuosi,
579 1977 681 2037 milltii
697 1997 744 2056 per
758 1976 866 2056 oppida
879 2000 934 2038 ex·

178 2056 182 2059 ’
252 2055 335 2136 pleri.
362 2055 452 2138 igitur
481 2055 627 2128 dimissis,
659 2059 761 2138 quibus
792 2063 932 2131 mucela,

252 2157 302 2196 aut
314 2137 446 2196 valetudo
463 2136 577 2196 adversa
603 2157 681 2208 erat,
701 2139 934 2219 supplementum

253 2221 360 2300 petivit.
378 2219 417 2277 Et
432 2215 523 2276 habiti
536 2238 583 2298 per
600 2219 736 2279 Ciliciam
754 2242 787 2280 ac
806 2221 933 2300 Cappa·

255 2297 368 2359 dociam
391 2298 520 2358 deleelus.
546 2297 721 2380 Adjeclaque
749 2322 783 2360 ex
807 2301 937 2363 Germa-

253 2383 302 2440 nia
322 2382 416 2462 legio,
434 2398 496 2437 cum
516 2381 655 2460 equitibus
668 2381 782 2450 alariis,
799 2389 829 2441 &
846 2384 934 2463 pedi-

255 2479 316 2520 tatu
339 2459 521 2518 cohortium:
544 2479 719 2543 retentusque
736 2465 832 2522 omnis
852 2485 934 2523 exer-

256 2543 326 2600 citus
348 2541 400 2601 sub
421 2541 562 2619 pellibus,
587 2546 718 2622 quamvis
740 2540 837 2604 hieme
859 2541 936 2606 saevri

254 2621 348 2691 adeo,
365 2641 396 2680 ur
415 2619 539 2681 obduela
559 2621 668 2705 glacie,
685 2626 739 2684 nisi
754 2621 857 2685 effossa
880 2624 936 2686 hu·

255 2723 335 2773 mus,
355 2703 481 2762 tentoriis
503 2704 599 2762 locum
615 2727 674 2764 non
691 2705 834 2784 praeberet.
853 2707 933 2766 Am·

256 2781 329 2842 busti
347 2784 500 2844 multorum
524 2803 597 2846 artus
616 2787 646 2848 vi
665 2783 799 2871 frigoris,
818 2796 847 2850 &
870 2789 936 2871 qui·
