<?xml version="1.0" encoding="UTF-8"?>
<!DOCTYPE html PUBLIC "-//W3C//DTD XHTML 1.0 Transitional//EN"
    "http://www.w3.org/TR/xhtml1/DTD/xhtml1-transitional.dtd">
<html xmlns="http://www.w3.org/1999/xhtml" xml:lang="en" lang="en">
 <head>
  <title>
</title>
<meta http-equiv="Content-Type" content="text/html;charset=utf-8" />
  <meta name='ocr-system' content='tesseract 3.04.00' />
  <meta name='ocr-capabilities' content='ocr_page ocr_carea ocr_par ocr_line ocrx_word'/>
</head>
<body>
  <div class='ocr_page' id='page_1' title='image "./ccorneliitaciti01lallgoog_0231.png"; bbox 0 0 2000 3684; ppageno 0'>
   <div class='ocr_carea' id='block_1_1' title="bbox 167 309 749 402">
    <p class='ocr_par' dir='ltr' id='par_1_1' title="bbox 167 309 749 402">
     <span class='ocr_line' id='line_1_1' title="bbox 167 309 749 402; baseline 0 -20"><span class='ocrx_word' id='word_1_1' title='bbox 167 309 418 382; x_wconf 69' lang='lat' dir='ltr'>Auamma</span> <span class='ocrx_word' id='word_1_2' title='bbox 443 310 528 380; x_wconf 77' lang='lat' dir='ltr'>liu.</span> <span class='ocrx_word' id='word_1_3' title='bbox 552 311 635 382; x_wconf 74' lang='lat' dir='ltr'>XV.</span> <span class='ocrx_word' id='word_1_4' title='bbox 681 335 749 402; x_wconf 61' lang='grc' dir='ltr'>ιι,</span> 
     </span>
    </p>
   </div>
   <div class='ocr_carea' id='block_1_2' title="bbox 63 430 755 2768">
    <p class='ocr_par' dir='ltr' id='par_1_2' title="bbox 63 430 749 576">
     <span class='ocr_line' id='line_1_2' title="bbox 63 430 749 514; baseline 0 -18"><span class='ocrx_word' id='word_1_5' title='bbox 63 449 291 514; x_wconf 72' lang='lat' dir='ltr'>senatorumque</span> <span class='ocrx_word' id='word_1_6' title='bbox 313 430 403 512; x_wconf 84' lang='lat' dir='ltr'>ploret</span> <span class='ocrx_word' id='word_1_7' title='bbox 428 449 476 512; x_wconf 85' lang='lat' dir='ltr'>pet</span> <span class='ocrx_word' id='word_1_8' title='bbox 500 451 617 494; x_wconf 78' lang='lat' dir='ltr'>arenam</span> <span class='ocrx_word' id='word_1_9' title='bbox 647 431 749 497; x_wconf 81' lang='lat' dir='ltr'>foedau‘</span> 
     </span>
     <span class='ocr_line' id='line_1_3' title="bbox 68 532 146 576; baseline -0.051 0"><span class='ocrx_word' id='word_1_10' title='bbox 68 532 146 576; x_wconf 85' lang='lat' dir='ltr'>sunt.</span> 
     </span>
    </p>

    <p class='ocr_par' dir='ltr' id='par_1_3' title="bbox 67 592 748 758">
     <span class='ocr_line' id='line_1_4' title="bbox 111 592 746 662; baseline 0.006 -8"><span class='ocrx_word' id='word_1_11' title='bbox 111 592 256 654; x_wconf 88' lang='lat' dir='ltr'><strong>XXXIII.</strong></span> <span class='ocrx_word' id='word_1_12' title='bbox 274 592 311 654; x_wconf 93' lang='lat' dir='ltr'>C.</span> <span class='ocrx_word' id='word_1_13' title='bbox 328 593 453 654; x_wconf 88' lang='lat' dir='ltr'>Letanio</span> <span class='ocrx_word' id='word_1_14' title='bbox 465 638 476 662; x_wconf 92' lang='lat'><em>‚</em></span> <span class='ocrx_word' id='word_1_15' title='bbox 489 593 534 654; x_wconf 91' lang='lat' dir='ltr'>M.</span> <span class='ocrx_word' id='word_1_16' title='bbox 550 595 663 656; x_wconf 83' lang='lat' dir='ltr'>Licinio</span> <span class='ocrx_word' id='word_1_17' title='bbox 673 617 746 658; x_wconf 72' lang='lat' dir='ltr'>eote.</span> 
     </span>
     <span class='ocr_line' id='line_1_5' title="bbox 67 673 748 758; baseline 0.004 -23"><span class='ocrx_word' id='word_1_18' title='bbox 67 677 180 736; x_wconf 77' lang='lat' dir='ltr'>acriore</span> <span class='ocrx_word' id='word_1_19' title='bbox 202 677 231 733; x_wconf 91' lang='lat' dir='ltr'>in</span> <span class='ocrx_word' id='word_1_20' title='bbox 255 673 313 734; x_wconf 84' lang='lat' dir='ltr'>dies</span> <span class='ocrx_word' id='word_1_21' title='bbox 331 674 460 754; x_wconf 88' lang='lat' dir='ltr'>cupidine</span> <span class='ocrx_word' id='word_1_22' title='bbox 483 674 648 758; x_wconf 73' lang='lat' dir='ltr'>allgebatur</span> <span class='ocrx_word' id='word_1_23' title='bbox 668 677 748 738; x_wconf 84' lang='lat' dir='ltr'>Nero</span> 
     </span>
    </p>

    <p class='ocr_par' dir='ltr' id='par_1_4' title="bbox 68 753 755 1974">
     <span class='ocr_line' id='line_1_6' title="bbox 105 753 750 837; baseline 0.005 -21"><span class='ocrx_word' id='word_1_24' title='bbox 105 757 247 816; x_wconf 85' lang='lat' dir='ltr'>omiscuas</span> <span class='ocrx_word' id='word_1_25' title='bbox 262 777 357 816; x_wconf 85' lang='lat' dir='ltr'>scenas</span> <span class='ocrx_word' id='word_1_26' title='bbox 375 753 571 837; x_wconf 87' lang='lat' dir='ltr'>frequentandi</span> <span class='ocrx_word' id='word_1_27' title='bbox 589 779 596 814; x_wconf 91' lang='lat'>:</span> <span class='ocrx_word' id='word_1_28' title='bbox 612 779 678 816; x_wconf 85' lang='lat' dir='ltr'>nam</span> <span class='ocrx_word' id='word_1_29' title='bbox 698 759 750 819; x_wconf 86' lang='lat' dir='ltr'>ad·</span> 
     </span>
     <span class='ocr_line' id='line_1_7' title="bbox 71 779 750 924; baseline 0.004 -27"><span class='ocrx_word' id='word_1_30' title='bbox 71 779 131 897; x_wconf 72' lang='lat' dir='ltr'>iiic</span> <span class='ocrx_word' id='word_1_31' title='bbox 161 857 208 917; x_wconf 89' lang='lat' dir='ltr'>per</span> <span class='ocrx_word' id='word_1_32' title='bbox 238 835 355 896; x_wconf 88' lang='lat' dir='ltr'>domum</span> <span class='ocrx_word' id='word_1_33' title='bbox 377 856 433 897; x_wconf 84' lang='lat' dir='ltr'>¹aut</span> <span class='ocrx_word' id='word_1_34' title='bbox 465 833 561 897; x_wconf 86' lang='lat' dir='ltr'>hortos</span> <span class='ocrx_word' id='word_1_35' title='bbox 592 840 750 924; x_wconf 56' lang='lat' dir='ltr'>cecinerat-9</span> 
     </span>
     <span class='ocr_line' id='line_1_8' title="bbox 71 917 750 1000; baseline 0 -21"><span class='ocrx_word' id='word_1_36' title='bbox 71 917 257 979; x_wconf 83' lang='lat' dir='ltr'>Iuvenalibus</span> <span class='ocrx_word' id='word_1_37' title='bbox 280 919 372 988; x_wconf 85' lang='lat' dir='ltr'>ludis,</span> <span class='ocrx_word' id='word_1_38' title='bbox 398 939 486 1000; x_wconf 81' lang='lat' dir='ltr'>quos,</span> <span class='ocrx_word' id='word_1_39' title='bbox 508 939 539 978; x_wconf 91' lang='lat' dir='ltr'>ut</span> <span class='ocrx_word' id='word_1_40' title='bbox 559 939 657 998; x_wconf 86' lang='lat' dir='ltr'>parum</span> <span class='ocrx_word' id='word_1_41' title='bbox 681 923 750 980; x_wconf 85' lang='lat' dir='ltr'>cele·</span> 
     </span>
     <span class='ocr_line' id='line_1_9' title="bbox 74 998 750 1094; baseline 0.006 -35"><span class='ocrx_word' id='word_1_42' title='bbox 74 1001 158 1070; x_wconf 89' lang='lat' dir='ltr'>bres,</span> <span class='ocrx_word' id='word_1_43' title='bbox 182 1009 209 1059; x_wconf 89' lang='lat'>&amp;</span> <span class='ocrx_word' id='word_1_44' title='bbox 225 1019 308 1059; x_wconf 79' lang='lat' dir='ltr'>tantae</span> <span class='ocrx_word' id='word_1_45' title='bbox 327 1002 397 1059; x_wconf 80' lang='lat' dir='ltr'>-voci</span> <span class='ocrx_word' id='word_1_46' title='bbox 419 998 573 1094; x_wconf 73' lang='lat' dir='ltr'>angustos,</span> <span class='ocrx_word' id='word_1_47' title='bbox 595 1003 750 1080; x_wconf 80' lang='lat' dir='ltr'>spernebat.</span> 
     </span>
     <span class='ocr_line' id='line_1_10' title="bbox 74 1081 752 1160; baseline 0.001 -18"><span class='ocrx_word' id='word_1_48' title='bbox 74 1082 149 1142; x_wconf 88' lang='lat' dir='ltr'>Non</span> <span class='ocrx_word' id='word_1_49' title='bbox 170 1100 265 1140; x_wconf 85' lang='lat' dir='ltr'>tamen</span> <span class='ocrx_word' id='word_1_50' title='bbox 290 1081 388 1140; x_wconf 80' lang='lat' dir='ltr'>Ilomae</span> <span class='ocrx_word' id='word_1_51' title='bbox 409 1083 531 1160; x_wconf 83' lang='lat' dir='ltr'>inerpere</span> <span class='ocrx_word' id='word_1_52' title='bbox 553 1103 654 1152; x_wconf 84' lang='lat' dir='ltr'>ausus,</span> <span class='ocrx_word' id='word_1_53' title='bbox 670 1083 752 1144; x_wconf 91' lang='lat' dir='ltr'>Nea·</span> 
     </span>
     <span class='ocr_line' id='line_1_11' title="bbox 73 1161 752 1248; baseline 0.004 -27"><span class='ocrx_word' id='word_1_54' title='bbox 73 1164 187 1243; x_wconf 87' lang='lat' dir='ltr'>polim,</span> <span class='ocrx_word' id='word_1_55' title='bbox 209 1163 288 1241; x_wconf 86' lang='lat' dir='ltr'>quasi</span> <span class='ocrx_word' id='word_1_56' title='bbox 311 1161 440 1222; x_wconf 78' lang='lat' dir='ltr'>Graecam</span> <span class='ocrx_word' id='word_1_57' title='bbox 466 1163 583 1233; x_wconf 85' lang='lat' dir='ltr'>urbem,</span> <span class='ocrx_word' id='word_1_58' title='bbox 611 1163 717 1248; x_wconf 84' lang='lat' dir='ltr'>delegit</span> <span class='ocrx_word' id='word_1_59' title='bbox 742 1187 752 1223; x_wconf 81' lang='lat' dir='ltr'>t</span> 
     </span>
     <span class='ocr_line' id='line_1_12' title="bbox 71 1243 751 1322; baseline 0.003 -18"><span class='ocrx_word' id='word_1_60' title='bbox 71 1243 751 1322; x_wconf 77' lang='lat' dir='ltr'>Indeinitiumfhre,uttronsgressusiuAchainm‚</span> 
     </span>
     <span class='ocr_line' id='line_1_13' title="bbox 72 1321 751 1403; baseline 0.009 -21"><span class='ocrx_word' id='word_1_61' title='bbox 72 1326 269 1403; x_wconf 79' lang='lat' dir='ltr'><em>insignesque,</em></span> <span class='ocrx_word' id='word_1_62' title='bbox 296 1321 322 1384; x_wconf 64' lang='grc' dir='ltr'><strong><em>ἃ</em></strong></span> <span class='ocrx_word' id='word_1_63' title='bbox 345 1325 497 1402; x_wconf 80' lang='lat' dir='ltr'>antiquitus</span> <span class='ocrx_word' id='word_1_64' title='bbox 517 1347 612 1386; x_wconf 83' lang='lat' dir='ltr'>sacras</span> <span class='ocrx_word' id='word_1_65' title='bbox 637 1349 751 1389; x_wconf 79' lang='lat' dir='ltr'>coronas</span> 
     </span>
     <span class='ocr_line' id='line_1_14' title="bbox 71 1405 752 1487; baseline 0.006 -22"><span class='ocrx_word' id='word_1_66' title='bbox 71 1410 209 1482; x_wconf 78' lang='lat' dir='ltr'>adeptus,</span> <span class='ocrx_word' id='word_1_67' title='bbox 232 1406 334 1484; x_wconf 77' lang='lat' dir='ltr'>nmjore</span> <span class='ocrx_word' id='word_1_68' title='bbox 347 1407 429 1483; x_wconf 66' lang='lat' dir='ltr'>fremui</span> <span class='ocrx_word' id='word_1_69' title='bbox 441 1405 534 1487; x_wconf 79' lang='lat' dir='ltr'>studia</span> <span class='ocrx_word' id='word_1_70' title='bbox 553 1410 655 1467; x_wconf 78' lang='lat' dir='ltr'>civium</span> <span class='ocrx_word' id='word_1_71' title='bbox 672 1411 752 1469; x_wconf 82' lang='lat' dir='ltr'>elice·</span> 
     </span>
     <span class='ocr_line' id='line_1_15' title="bbox 71 1485 749 1568; baseline 0.001 -21"><span class='ocrx_word' id='word_1_72' title='bbox 71 1507 125 1548; x_wconf 87' lang='lat' dir='ltr'>ret.</span> <span class='ocrx_word' id='word_1_73' title='bbox 151 1485 229 1568; x_wconf 81' lang='lat' dir='ltr'>Ergo</span> <span class='ocrx_word' id='word_1_74' title='bbox 252 1489 425 1546; x_wconf 70' lang='lat' dir='ltr'>contratrum</span> <span class='ocrx_word' id='word_1_75' title='bbox 450 1485 658 1566; x_wconf 79' lang='lat' dir='ltr'>oppidanorum</span> <span class='ocrx_word' id='word_1_76' title='bbox 682 1489 749 1548; x_wconf 81' lang='lat' dir='ltr'>vul·-</span> 
     </span>
     <span class='ocr_line' id='line_1_16' title="bbox 70 1569 749 1652; baseline 0.003 -24"><span class='ocrx_word' id='word_1_77' title='bbox 70 1589 144 1652; x_wconf 82' lang='lat' dir='ltr'>gus,</span> <span class='ocrx_word' id='word_1_78' title='bbox 164 1575 278 1646; x_wconf 86' lang='lat' dir='ltr'>&amp;quos</span> <span class='ocrx_word' id='word_1_79' title='bbox 298 1587 313 1625; x_wconf 89' lang='lat' dir='ltr'>e</span> <span class='ocrx_word' id='word_1_80' title='bbox 333 1569 467 1646; x_wconf 82' lang='lat' dir='ltr'>proximis</span> <span class='ocrx_word' id='word_1_81' title='bbox 490 1569 610 1627; x_wconf 84' lang='lat' dir='ltr'>coloniis</span> <span class='ocrx_word' id='word_1_82' title='bbox 631 1577 659 1628; x_wconf 73' lang='grc' dir='ltr'>δι</span> <span class='ocrx_word' id='word_1_83' title='bbox 680 1589 749 1630; x_wconf 88' lang='lat' dir='ltr'>mu·-</span> 
     </span>
     <span class='ocr_line' id='line_1_17' title="bbox 70 1647 752 1732; baseline 0.001 -23"><span class='ocrx_word' id='word_1_84' title='bbox 70 1649 187 1728; x_wconf 87' lang='lat' dir='ltr'>nicipiis</span> <span class='ocrx_word' id='word_1_85' title='bbox 218 1652 275 1726; x_wconf 87' lang='lat' dir='ltr'>ejus</span> <span class='ocrx_word' id='word_1_86' title='bbox 303 1651 342 1708; x_wconf 87' lang='lat' dir='ltr'>rei</span> <span class='ocrx_word' id='word_1_87' title='bbox 373 1647 452 1708; x_wconf 86' lang='lat' dir='ltr'>fama</span> <span class='ocrx_word' id='word_1_88' title='bbox 482 1650 615 1719; x_wconf 79' lang='lat' dir='ltr'>civerat3</span> <span class='ocrx_word' id='word_1_89' title='bbox 646 1651 752 1732; x_wconf 86' lang='lat' dir='ltr'>quique</span> 
     </span>
     <span class='ocr_line' id='line_1_18' title="bbox 71 1727 752 1809; baseline 0 -17"><span class='ocrx_word' id='word_1_90' title='bbox 71 1731 219 1792; x_wconf 85' lang='lat' dir='ltr'>Caesarem</span> <span class='ocrx_word' id='word_1_91' title='bbox 245 1751 292 1809; x_wconf 89' lang='lat' dir='ltr'>per</span> <span class='ocrx_word' id='word_1_92' title='bbox 314 1727 475 1800; x_wconf 63' lang='lat' dir='ltr'>honorem3</span> <span class='ocrx_word' id='word_1_93' title='bbox 502 1749 551 1788; x_wconf 88' lang='lat' dir='ltr'>aut</span> <span class='ocrx_word' id='word_1_94' title='bbox 573 1733 666 1791; x_wconf 80' lang='lat' dir='ltr'>varios</span> <span class='ocrx_word' id='word_1_95' title='bbox 688 1753 752 1792; x_wconf 80' lang='lat' dir='ltr'>usus</span> 
     </span>
     <span class='ocr_line' id='line_1_19' title="bbox 68 1810 755 1892; baseline 0 -19"><span class='ocrx_word' id='word_1_96' title='bbox 68 1817 233 1881; x_wconf 71' lang='lat' dir='ltr'>scetantur,</span> <span class='ocrx_word' id='word_1_97' title='bbox 250 1813 335 1870; x_wconf 86' lang='lat' dir='ltr'>etiam</span> <span class='ocrx_word' id='word_1_98' title='bbox 358 1813 482 1870; x_wconf 86' lang='lat' dir='ltr'>militum</span> <span class='ocrx_word' id='word_1_99' title='bbox 500 1812 655 1892; x_wconf 83' lang='lat' dir='ltr'>manipuli,</span> <span class='ocrx_word' id='word_1_100' title='bbox 673 1810 755 1874; x_wconf 83' lang='lat' dir='ltr'>thea-</span> 
     </span>
     <span class='ocr_line' id='line_1_20' title="bbox 71 1891 581 1974; baseline -0.004 -20"><span class='ocrx_word' id='word_1_101' title='bbox 71 1914 150 1954; x_wconf 84' lang='lat' dir='ltr'>trum</span> <span class='ocrx_word' id='word_1_102' title='bbox 161 1891 417 1970; x_wconf 78' lang='lat' dir='ltr'>Neapolitanorum</span> <span class='ocrx_word' id='word_1_103' title='bbox 429 1894 581 1974; x_wconf 87' lang='lat' dir='ltr'>complent.</span> 
     </span>
    </p>

    <p class='ocr_par' dir='ltr' id='par_1_5' title="bbox 68 1973 753 2768">
     <span class='ocr_line' id='line_1_21' title="bbox 114 1973 753 2056; baseline 0.005 -21"><span class='ocrx_word' id='word_1_104' title='bbox 114 1973 260 2035; x_wconf 86' lang='lat' dir='ltr'><strong>XXXIV.</strong></span> <span class='ocrx_word' id='word_1_105' title='bbox 277 1973 339 2034; x_wconf 90' lang='lat' dir='ltr'>lllic</span> <span class='ocrx_word' id='word_1_106' title='bbox 348 2019 359 2046; x_wconf 89' lang='lat'><em>,</em></span> <span class='ocrx_word' id='word_1_107' title='bbox 381 1974 506 2056; x_wconf 82' lang='lat' dir='ltr'>plerique</span> <span class='ocrx_word' id='word_1_108' title='bbox 526 1996 557 2036; x_wconf 89' lang='lat' dir='ltr'>ut</span> <span class='ocrx_word' id='word_1_109' title='bbox 576 1974 753 2038; x_wconf 81' lang='lat' dir='ltr'>arbitraban-</span> 
     </span>
     <span class='ocr_line' id='line_1_22' title="bbox 69 2052 752 2135; baseline 0.003 -18"><span class='ocrx_word' id='word_1_110' title='bbox 69 2075 141 2127; x_wconf 88' lang='lat' dir='ltr'>tur,</span> <span class='ocrx_word' id='word_1_111' title='bbox 164 2052 258 2124; x_wconf 82' lang='lat' dir='ltr'>ttiste,</span> <span class='ocrx_word' id='word_1_112' title='bbox 278 2075 310 2113; x_wconf 85' lang='lat' dir='ltr'>ut</span> <span class='ocrx_word' id='word_1_113' title='bbox 329 2057 407 2134; x_wconf 84' lang='lat' dir='ltr'>ipse,</span> <span class='ocrx_word' id='word_1_114' title='bbox 425 2054 573 2134; x_wconf 86' lang='lat' dir='ltr'>providum</span> <span class='ocrx_word' id='word_1_115' title='bbox 589 2057 703 2135; x_wconf 72' lang='lat' dir='ltr'>pontis,</span> <span class='ocrx_word' id='word_1_116' title='bbox 724 2067 752 2119; x_wconf 75' lang='grc' dir='ltr'>δι</span> 
     </span>
     <span class='ocr_line' id='line_1_23' title="bbox 69 2136 753 2220; baseline -0.001 -21"><span class='ocrx_word' id='word_1_117' title='bbox 69 2136 203 2199; x_wconf 78' lang='lat' dir='ltr'>secundis</span> <span class='ocrx_word' id='word_1_118' title='bbox 218 2137 396 2206; x_wconf 83' lang='lat' dir='ltr'>numinibus,</span> <span class='ocrx_word' id='word_1_119' title='bbox 413 2137 528 2196; x_wconf 86' lang='lat' dir='ltr'>evenit:</span> <span class='ocrx_word' id='word_1_120' title='bbox 545 2158 613 2196; x_wconf 89' lang='lat' dir='ltr'>nam</span> <span class='ocrx_word' id='word_1_121' title='bbox 623 2145 753 2220; x_wconf 68' lang='lat' dir='ltr'>egretso,</span> 
     </span>
     <span class='ocr_line' id='line_1_24' title="bbox 68 2217 752 2302; baseline -0.004 -22"><span class='ocrx_word' id='word_1_122' title='bbox 68 2223 122 2302; x_wconf 89' lang='lat' dir='ltr'>qui</span> <span class='ocrx_word' id='word_1_123' title='bbox 149 2217 295 2290; x_wconf 84' lang='lat' dir='ltr'>adfuerat,</span> <span class='ocrx_word' id='word_1_124' title='bbox 325 2219 448 2299; x_wconf 87' lang='lat' dir='ltr'>populo,</span> <span class='ocrx_word' id='word_1_125' title='bbox 477 2239 621 2288; x_wconf 86' lang='lat' dir='ltr'>vacuum,</span> <span class='ocrx_word' id='word_1_126' title='bbox 644 2227 670 2278; x_wconf 75' lang='grc' dir='ltr'>δι</span> <span class='ocrx_word' id='word_1_127' title='bbox 692 2221 752 2280; x_wconf 81' lang='lat' dir='ltr'>sine</span> 
     </span>
     <span class='ocr_line' id='line_1_25' title="bbox 69 2297 752 2383; baseline -0.001 -23"><span class='ocrx_word' id='word_1_128' title='bbox 69 2303 156 2362; x_wconf 81' lang='lat' dir='ltr'>ullius</span> <span class='ocrx_word' id='word_1_129' title='bbox 168 2321 245 2360; x_wconf 83' lang='lat' dir='ltr'>noxa</span> <span class='ocrx_word' id='word_1_130' title='bbox 259 2297 398 2360; x_wconf 85' lang='lat' dir='ltr'>theatrum</span> <span class='ocrx_word' id='word_1_131' title='bbox 419 2299 573 2380; x_wconf 84' lang='lat' dir='ltr'>collapsum</span> <span class='ocrx_word' id='word_1_132' title='bbox 590 2297 637 2356; x_wconf 86' lang='lat' dir='ltr'>est.</span> <span class='ocrx_word' id='word_1_133' title='bbox 652 2300 752 2383; x_wconf 82' lang='lat' dir='ltr'>Ergo,</span> 
     </span>
     <span class='ocr_line' id='line_1_26' title="bbox 69 2380 751 2464; baseline -0.001 -23"><span class='ocrx_word' id='word_1_134' title='bbox 69 2405 121 2464; x_wconf 88' lang='lat' dir='ltr'>per</span> <span class='ocrx_word' id='word_1_135' title='bbox 145 2383 319 2462; x_wconf 86' lang='lat' dir='ltr'>compositos</span> <span class='ocrx_word' id='word_1_136' title='bbox 342 2400 437 2440; x_wconf 84' lang='lat' dir='ltr'>cantus</span> <span class='ocrx_word' id='word_1_137' title='bbox 457 2400 548 2464; x_wconf 84' lang='lat' dir='ltr'>grates</span> <span class='ocrx_word' id='word_1_138' title='bbox 571 2380 645 2451; x_wconf 75' lang='lat' dir='ltr'>din,</span> <span class='ocrx_word' id='word_1_139' title='bbox 666 2400 751 2463; x_wconf 79' lang='lat' dir='ltr'>atque</span> 
     </span>
     <span class='ocr_line' id='line_1_27' title="bbox 69 2461 750 2546; baseline -0.001 -22"><span class='ocrx_word' id='word_1_140' title='bbox 69 2467 165 2546; x_wconf 87' lang='lat' dir='ltr'>ipsam</span> <span class='ocrx_word' id='word_1_141' title='bbox 188 2468 304 2524; x_wconf 85' lang='lat' dir='ltr'>recentis</span> <span class='ocrx_word' id='word_1_142' title='bbox 325 2461 402 2522; x_wconf 75' lang='lat' dir='ltr'>casus</span> <span class='ocrx_word' id='word_1_143' title='bbox 423 2461 566 2522; x_wconf 82' lang='lat' dir='ltr'>fortunam</span> <span class='ocrx_word' id='word_1_144' title='bbox 586 2462 750 2534; x_wconf 82' lang='lat' dir='ltr'>celebrans,</span> 
     </span>
     <span class='ocr_line' id='line_1_28' title="bbox 70 2543 752 2626; baseline 0 -22"><span class='ocrx_word' id='word_1_145' title='bbox 70 2548 264 2626; x_wconf 87' lang='lat' dir='ltr'>petiturusque</span> <span class='ocrx_word' id='word_1_146' title='bbox 281 2548 365 2603; x_wconf 83' lang='lat' dir='ltr'>maris</span> <span class='ocrx_word' id='word_1_147' title='bbox 380 2543 495 2604; x_wconf 83' lang='lat' dir='ltr'>Hadtiae</span> <span class='ocrx_word' id='word_1_148' title='bbox 515 2548 662 2625; x_wconf 62' lang='lat' dir='ltr'>trajectus,</span> <span class='ocrx_word' id='word_1_149' title='bbox 677 2545 752 2624; x_wconf 86' lang='lat' dir='ltr'>apud</span> 
     </span>
     <span class='ocr_line' id='line_1_29' title="bbox 70 2624 749 2765; baseline 0.003 -81"><span class='ocrx_word' id='word_1_150' title='bbox 70 2627 267 2685; x_wconf 84' lang='lat' dir='ltr'>Beneventum</span> <span class='ocrx_word' id='word_1_151' title='bbox 284 2627 395 2685; x_wconf 86' lang='lat' dir='ltr'>interim</span> <span class='ocrx_word' id='word_1_152' title='bbox 408 2624 534 2685; x_wconf 85' lang='lat' dir='ltr'>consedit</span> <span class='ocrx_word' id='word_1_153' title='bbox 547 2648 555 2683; x_wconf 73' lang='grc' dir='ltr'><strong><em>ε</em></strong></span> <span class='ocrx_word' id='word_1_154' title='bbox 571 2625 749 2765; x_wconf 56' lang='grc' dir='ltr'>ιὼίἔίεάία-</span> 
     </span>
     <span class='ocr_line' id='line_1_30' title="bbox 71 2706 750 2768; baseline 0.003 -2"><span class='ocrx_word' id='word_1_155' title='bbox 71 2710 180 2766; x_wconf 87' lang='lat' dir='ltr'>torium</span> <span class='ocrx_word' id='word_1_156' title='bbox 199 2729 299 2767; x_wconf 84' lang='lat' dir='ltr'>munus</span> <span class='ocrx_word' id='word_1_157' title='bbox 313 2729 330 2766; x_wconf 83' lang='lat' dir='ltr'>a</span> <span class='ocrx_word' id='word_1_158' title='bbox 346 2708 468 2766; x_wconf 86' lang='lat' dir='ltr'>Vatinio</span> <span class='ocrx_word' id='word_1_159' title='bbox 487 2708 593 2766; x_wconf 80' lang='lat' dir='ltr'>celebre</span> <span class='ocrx_word' id='word_1_160' title='bbox 611 2729 625 2765; x_wconf 94' lang='lat' dir='ltr'>e</span> <span class='ocrx_word' id='word_1_161' title='bbox 646 2706 750 2768; x_wconf 84' lang='lat' dir='ltr'>ebatur.</span> 
     </span>
    </p>
   </div>
   <div class='ocr_carea' id='block_1_3' title="bbox 71 2785 753 2950">
    <p class='ocr_par' dir='ltr' id='par_1_6' title="bbox 71 2785 753 2950">
     <span class='ocr_line' id='line_1_31' title="bbox 71 2785 753 2931; baseline 0 -81"><span class='ocrx_word' id='word_1_162' title='bbox 71 2789 210 2850; x_wconf 85' lang='lat' dir='ltr'>Vatinius</span> <span class='ocrx_word' id='word_1_163' title='bbox 230 2790 301 2849; x_wconf 87' lang='lat' dir='ltr'>inter</span> <span class='ocrx_word' id='word_1_164' title='bbox 319 2787 472 2862; x_wconf 68' lang='lat' dir='ltr'>fmdbsirna</span> <span class='ocrx_word' id='word_1_165' title='bbox 489 2793 547 2870; x_wconf 82' lang='lat' dir='ltr'>ejus</span> <span class='ocrx_word' id='word_1_166' title='bbox 559 2789 632 2931; x_wconf 51' lang='lat' dir='ltr'>rippa</span> <span class='ocrx_word' id='word_1_167' title='bbox 646 2785 753 2852; x_wconf 83' lang='lat' dir='ltr'>ostenta</span> 
     </span>
     <span class='ocr_line' id='line_1_32' title="bbox 629 2892 648 2950; baseline 0 0"><span class='ocrx_word' id='word_1_168' title='bbox 629 2892 648 2950; x_wconf 78' lang='lat'>¹1</span> 
     </span>
    </p>
   </div>
   <div class='ocr_carea' id='block_1_4' title="bbox 0 0 1005 3684">
    <p class='ocr_par' dir='ltr' id='par_1_7' title="bbox 0 0 1005 3684">
     <span class='ocr_line' id='line_1_33' title="bbox 0 0 1005 3684; baseline 0 0"><span class='ocrx_word' id='word_1_169' title='bbox 0 0 1005 3684; x_wconf 95' lang='lat' dir='ltr'> </span> 
     </span>
    </p>
   </div>
  </div>
 </body>
</html>
