2000 3684
230 311 280 402 58
361 307 404 375 C
427 308 575 378 Corn.
606 309 793 376 TAcrrr

235 429 491 508 Jamque-vennrm
509 425 587 488 haud
607 429 704 507 procul
721 427 816 498 mari,
835 427 921 508 quod

232 509 407 570 Hiberniam
428 511 550 570 insulam
572 508 732 589 adspeilat3
745 529 834 590 qaum
848 530 924 570 ortae

235 589 311 673 apud
341 592 388 650 Bri
410 611 491 652 antas
521 590 665 651 discordiae
694 611 830 650 retraxere
858 591 920 652 du-

235 695 321 744 cem,
342 614 535 734 delirationis
554 693 679 744 certum,
701 694 734 731 ne
757 694 833 732 nova
856 695 924 733 rno-

235 756 351 826 litetur,
365 758 421 816 nisi
431 756 569 836 prioribus
579 753 705 815 firmatis.
717 755 755 813 Et
770 753 924 815 Brioanter

232 835 378 918 quidem,
403 840 520 919 paucis,
545 839 596 918 qui
626 858 705 896 arma
731 805 921 914 coeptabant,

236 918 408 992 interfedlis,
431 921 462 978 in
487 920 610 1000 reliquos
632 916 699 978 dati
716 915 821 988 venii,
842 938 923 978 rese-

239 1002 304 1064 dere
317 1025 326 1058 :
339 1003 462 1062 Silurum
506 1022 553 1060 ens
564 1047 576 1071 ,
597 1022 657 1060 non
671 1001 837 1070 atrocitate,
858 1023 922 1060 non

239 1083 389 1142 clementii
408 1023 589 1152 mutabam,
611 1083 682 1163 quin
703 1081 811 1140 bellum
833 1101 920 1140 exer·

238 1184 334 1236 cerer,
356 1163 505 1247 castrisque
527 1165 675 1247 legionum
693 1161 845 1242 premenda
867 1163 921 1224 fo-

237 1266 289 1307 ret.
322 1245 356 1306 Id
385 1245 443 1328 qud
473 1243 629 1329 promptitis
653 1246 779 1316 veniret,
804 1246 923 1306 colonia

239 1327 498 1399 Camulodunum,
519 1326 616 1388 valide
636 1346 833 1387 veteranorum
850 1348 921 1388 rna-
991 1386 992 1407 ,

238 1433 302 1483 nu,
325 1409 472 1470 deducitur
498 1412 529 1469 in
556 1431 639 1492 agros
662 1410 807 1489 captivos,
824 1409 923 1469 subsi-
991 1430 992 1457 2

239 1492 320 1552 dium
339 1493 468 1554 adversus
485 1491 622 1563 rebelles,
639 1501 668 1552 δι
689 1489 852 1550 imbuendis
869 1512 925 1556 so-.

238 1577 290 1636 ciis
310 1574 345 1635 ad
366 1575 459 1634 officia
475 1575 583 1658 legum.
975 1627 981 1637 ,

281 1657 423 1718 XXXIII.
449 1656 526 1716 Itum
553 1655 620 1716 inde
640 1657 671 1725 in
691 1655 819 1725 Siluras,
841 1673 926 1736 super

232 1741 384 1819 ‚propriam
426 1737 590 1808 ferociam,
629 1736 780 1798 Carauaci
815 1737 925 1796 viribus

242 1817 364 1880 confisos
389 1843 399 1878 ι
426 1841 513 1900 quern
537 1820 627 1878 multa
649 1819 807 1902 ambigua,
832 1819 924 1879 multu

239 1922 372 1982 prospera
392 1900 569 1973 extulerant,
591 1920 623 1960 ut
647 1921 752 1961 ceteros
773 1899 926 1960 Britanno·

240 2004 304 2042 rum
344 1985 526 2063 imperatores
561 1986 743 2063 praenrineret.
774 1980 832 2041 Sed
861 2000 924 2041 tum

241 2062 326 2136 astu,
351 2066 480 2124 locorum
505 2063 603 2124 fraude
624 2067 722 2145 prior,
744 2064 774 2123 vi
796 2062 925 2123 militurn

241 2146 377 2219 Inferior,
407 2145 539 2208 transfert
559 2145 668 2205 bellum
688 2148 719 2206 in
742 2143 924 2218 OrdovicaS‚

234 2230 431 2312 additisque,
455 2230 506 2310 qui
538 2249 637 2309 paceni
664 2226 790 2289 nostram
818 2245 926 2288 metue·

240 2311 327 2383 bant,
339 2313 525 2372 novissimum
540 2331 636 2371 casum
647 2311 801 2390 experitur3
810 2329 928 2392 sumpto
991 2304 992 2317 ¹

216 2469 219 2476 ,
241 2394 280 2455 ad
302 2395 437 2474 proeliunr
452 2393 541 2464 loco,
563 2412 595 2452 ut
615 2392 734 2464 aditus,
758 2392 924 2465 abscessus,

241 2479 344 2536 cunila
356 2475 439 2535 nobis
454 2476 636 2555 importuna,
655 2483 683 2535 &
703 2476 758 2536 suis
776 2474 809 2536 in
823 2476 928 2535 melius

242 2577 343 2618 essent.
373 2558 457 2618 Tunc
478 2557 624 2618 montibus
642 2556 756 2628 arduis,
777 2565 805 2619 &
826 2558 927 2638 siqua

241 2641 397 2702 clementer
421 2638 519 2700 accedi
548 2654 710 2718 poterant,
740 2640 771 2699 in
804 2638 928 2698 moduni

242 2721 314 2784 valli
332 2743 397 2784 saxa
424 2718 556 2801 praestruit
577 2745 586 2778 ε
605 2731 633 2780 &
653 2720 815 2800 praefluebat
832 2723 929 2780 amnis

241 2803 317 2864 vado
334 2805 463 2873 incerto,
484 2822 652 2886 catervaque
664 2807 772 2884 majore
790 2822 843 2884 pro
861 2824 928 2866 mu·

244 2887 377 2952 nimenu's
399 2883 588 2949 constiterant.
818 2892 822 2897 ’
