2000 3684
213 355 279 419 172
334 331 372 399 C.
399 331 546 400 Cotta.
578 330 769 398 TAcrrr

209 453 288 526 Cato
305 449 420 519 missus,
439 447 619 508 &Suetonio
635 447 759 518 discors,
783 447 903 520 bonum
926 485 929 492 ·

208 532 355 614 publicum
382 529 498 609 privatis
526 529 718 590 simultatibus
748 531 901 610 impedie-

209 615 260 674 bat
280 635 287 670 ε
307 611 545 692 disperseratque,
566 633 668 670 novum
691 612 815 688 legatum
843 635 901 686 op-

205 692 365 770 periendum
382 714 462 761 csse,
478 694 539 750 siue
556 691 648 772 hostili
665 693 710 750 ira
725 687 903 767 &superbia

209 776 325 841 vilioris
337 821 350 845 ,
366 773 510 832 clcmemer
523 774 624 832 deditis
638 773 836 834 consulturum.
852 774 903 833 Si-

210 856 272 922 mul
290 857 321 916 in
345 854 444 914 urbem
468 851 645 924 mandabat,
667 854 774 914 nullum
794 855 903 929 proelio

205 939 293 1022 finem
305 942 489 1010 exspectarent
498 981 510 1005 ,
528 935 585 996 nisi
596 938 783 999 succederetur
794 933 900 994 Sueto-

212 1019 261 1079 nio
283 1044 293 1078 .·
312 1023 389 1098 cujus
410 1015 526 1076 aduersa
541 1017 673 1096 pravitati
693 1015 800 1094 ipsius,
820 1036 903 1095 pros·

112 1120 118 1126 ·
212 1121 279 1180 pera
298 1099 334 1158 ad
358 1097 502 1159 &trunam
521 1095 628 1176 reipub.
651 1093 799 1160 referebat.

254 1176 394 1244 XXXIX.
417 1177 510 1266 Igitur
529 1177 566 1242 ad
586 1177 770 1259 spectandum
786 1177 901 1240 Britan·

213 1262 268 1329 nice
288 1259 391 1324 statum
411 1261 511 1325 missus
528 1257 567 1320 est
586 1280 620 1318 ex
640 1259 747 1326 libertis
764 1257 901 1338 Polycle-

214 1362 280 1422 tus,
306 1339 412 1425 magnit
431 1341 556 1402 Neronis
575 1361 623 1420 spe
634 1385 646 1409 ,
670 1359 753 1421 posse
772 1342 902 1400 auctori-

214 1441 273 1491 tate
294 1429 371 1507 ejus,
393 1443 451 1485 non
471 1419 562 1486 modo
587 1423 659 1484 inter
681 1421 809 1503 legatum
829 1442 901 1500 pro-

217 1509 430 1585 curatoremque
461 1500 646 1566 concordiam
675 1503 778 1586 gigni,
799 1501 850 1562 sed
873 1513 903 1564 δε

217 1587 334 1655 rebelles
360 1585 543 1646 barbarorum
578 1585 689 1646 animos
722 1603 791 1666 pace
819 1604 903 1644 com-

218 1671 298 1749 ppni.
321 1668 384 1728 Nec
408 1665 498 1730 defuit
521 1665 699 1745 Polycletus,
722 1665 902 1746 quominus,

218 1750 330 1834 ingenti
350 1751 465 1832 agmine
490 1747 579 1808 Italia
605 1745 762 1828 Galliaeque
787 1748 902 1827 gravis,

218 1827 368 1912 postquam
389 1827 540 1900 Oceanum
564 1829 770 1898 transmiserat,
792 1827 901 1886 militi„

221 1911 274 1980 bus
304 1933 342 1991 qu
383 1931 418 1978 ue
448 1909 547 1980 nostris
579 1908 708 1978 terribilis
748 1907 902 1973 incederet.

220 1990 279 2054 Sed
295 1931 420 2052 horditus
440 1993 531 2052 irrisui
551 1989 627 2062 fuit,
651 1987 726 2070 apud
754 2011 827 2128 <pros
847 1991 902 2050 fla-

223 2092 323 2159 grante
344 2074 430 2143 etiam
450 2092 512 2136 tum
532 2072 680 2142 libertate,
702 2091 762 2132 non
783 2091 833 2130 um
852 2092 903 2130 co-

223 2157 304 2240 gnita
321 2155 485 2222 libertorum
502 2155 629 2233 potentia
647 2171 705 2212 erat
722 2175 729 2216 t
749 2151 901 2214 miraban-

224 2234 346 2321 turque,
378 2235 457 2319 qudd
486 2234 564 2305 dux,
600 2243 627 2300 ὃ(
660 2233 795 2298 exercitus
831 2236 903 2296 tanti

225 2320 293 2399 belli
308 2317 470 2389 confedor,
484 2316 602 2379 servitiis
613 2314 769 2380 obedirent.
787 2313 904 2382 Cuncta

225 2422 323 2462 tamen
341 2400 377 2461 ad
398 2403 596 2479 imperatorem
619 2399 648 2456 in
671 2396 785 2456 mollius
804 2395 903 2462 relata,

227 2483 365 2543 Detentus
386 2503 420 2545 ue
448 2480 529 2538 rebus
564 2477 694 2560 gerundis
723 2477 903 2548 Suetonius,

227 2561 308 2648 quaid
323 2503 385 2643 poll
404 2583 505 2643 paucas
523 2580 607 2618 naves
631 2561 660 2619 in
679 2559 792 2627 littore,
816 2558 903 2618 remi-

230 2649 364 2731 giumque
387 2646 417 2707 in
445 2645 478 2707 iis
506 2642 655 2710 amiserat,
679 2657 829 2720 tamquam
850 2637 905 2697 du-

229 2746 306 2787 rante
338 2725 432 2796 bello,
460 2726 578 2792 tradere·
594 2723 738 2781 exercitum
769 2719 906 2781 Petronio

231 2807 418 2885 Turpiliano,
440 2807 489 2890 qui
509 2811 569 2886 jam
598 2801 743 2869 consulatu
772 2799 905 2877 abierat,
