2000 3684
205 353 277 414 '160
329 343 366 413 C.
388 345 546 414 'contu
578 345 762 415 Tactrt
793 397 796 400 -

204 486 273 528 cum
293 469 413 547 cunjuge
431 462 569 536 Antistia,
588 473 615 525 uc
634 469 730 546 paucis
753 459 889 529 familia-²

205 549 298 617 rium,
322 547 466 605 concessit.
489 545 593 605 Iisdem
613 545 712 607 diebus
734 551 830 608 nimia
849 551 889 609 lu·

206 627 257 688 xtis
275 626 399 707 cupido,
422 625 574 686 infamiam
594 636 623 687 &
642 628 799 708 periculum
823 631 887 690 Ne·

207 711 273 770 toni
289 709 370 778 tulit,
388 710 456 790 quia
467 707 578 767 fontem
599 729 678 789 aquae
694 710 839 783 Marciae,
855 711 890 771 ad

207 791 307 852 urbem
328 788 472 861 deductas,
495 789 592 850 nando
614 792 763 872 incesserat
783 815 790 848 ε
814 792 890 852 vide·

208 872 346 954 baturque
377 889 458 951 putus
488 891 602 942 sacros,
622 873 661 932 ’δι
693 875 890 942 caerimoniam

206 954 288 1025 loci,
313 973 429 1032 corpora
457 970 520 1012 toto
544 951 675 1033 polluisse
700 976 708 1010 :
737 975 891 1038 secutaque

207 1056 311 1115 anceps
322 1033 454 1095 valetudo
468 1035 540 1094 iram
551 1031 636 1093 daiam
645 1034 808 1096 affirmavit.
823 1075 827 1080 -
882 1053 887 1062 ’

249 1113 400 1177 XXIII.
416 1116 457 1175 At
468 1114 620 1185 Corbulo,
631 1113 694 1195 post
703 1115 798 1176 deleta
809 1117 894 1178 Arta-

207 1215 296 1266 xata,
325 1194 462 1256 utendum
488 1197 593 1258 terenti
618 1214 721 1255 terrore
747 1215 827 1258 ratus
856 1199 892 1261 ad

210 1276 375 1356 occupanda
394 1275 621 1360 Tigranocerta3
644 1277 747 1359 quibus
771 1283 893 1354 excisis,

209 1377 318 1419 metum
349 1355 472 1417 hostium
503 1359 675 1430 intenderet,
696 1360 768 1432 vel,
794 1363 820 1421 si
844 1383 893 1442 pc·

210 1441 361 1520 percisset,
375 1440 529 1502 clementia
544 1439 653 1500 famam
666 1439 868 1521 adipisceretur
882 1467 890 1500 :

210 1520 278 1581 illuc
291 1524 396 1606 pergit,
410 1544 468 1581 non
480 1521 595 1582 infenso
606 1524 743 1592 exercitu,
760 1545 798 1582 ne
812 1545 892 1605 spent

211 1605 301 1664 teniae
322 1603 442 1664 auferret
462 1627 468 1660 :
489 1601 580 1685 neque
596 1603 827 1666 tamen‘temissai
847 1627 893 1672 cur

211 1682 263 1756 ria,
291 1705 393 1767 gnarus
420 1685 534 1749 facilem
564 1702 674 1745 mutatu
701 1705 840 1768 gentem,
865 1707 896 1748 ut

211 1785 328 1846 segnem
349 1764 386 1826 aci
405 1768 544 1845 pericula,
562 1767 601 1825 ita
616 1763 735 1826 infidam
754 1767 793 1828 ad
811 1789 896 1830 occa-

211 1847 315 1907 siones.
335 1846 451 1907 Barbati
473 1851 533 1927 pto'
545 1848 662 1930 ingenio
683 1849 824 1930 quisque,
844 1851 896 1910 aiii

213 1944 307 2006 preces
338 1923 459 1998 offerre,
488 1927 606 2009 quidam
637 1928 759 1988 deserere
792 1933 895 2003 vicos,

216 2015 244 2066 &
265 2007 297 2066 in
317 2009 380 2068 avia
399 2006 509 2090 digredi
516 2032 526 2080 3
546 2029 579 2069 ac
596 2008 693 2080 fitete,
713 2013 762 2091 qui
785 2033 813 2070 se
834 2033 895 2092 spe-

217 2086 324 2158 luncis,
340 2097 369 2150 &
383 2091 525 2151 carissima
542 2109 654 2161 secum,
666 2090 812 2154 abderent·
826 2092 894 2178 Igi-

216 2185 277 2240 tut,
295 2168 353 2231 dux
365 2169 644 2233 Romanussldivetsis
658 2171 783 2242 artibus,
801 2177 894 2234 mis&

216 2249 337 2315 ticurdiai
351 2251 480 2314 adversus
500 2253 654 2333 supplices,
675 2253 814 2314 celeritate
838 2257 894 2316 ad-

216 2353 310 2394 versus
325 2333 478 2416 profugos,
496 2336 615 2395 immicis
632 2336 684 2406 ὕες
704 2333 896 2418 ιῙιιὶἸεῑεΒης

217 2413 395 2486 insederant,
418 2435 468 2474 ora
491 2422 522 2476 δι·
542 2417 630 2476 exitus
653 2423 819 2497 specuum„
834 2437 896 2478 sat-

218 2497 322 2555 mentis
341 2495 523 2580 virgultisque
550 2497 724 2577 completos,
740 2500 805 2580 igni
825 2521 894 2560 exu-

218 2578 264 2635 tit.
287 2575 382 2657 Atque
406 2577 508 2648 illum,
531 2575 599 2641 fines
622 2599 685 2638 suos
704 2577 895 2660 praegredien-

220 2674 300 2728 tem,
315 2657 486 2719 incu'rsavere
500 2657 598 2719 Mardi
604 2685 616 2730 5
637 2660 792 2719 latrociniis
810 2683 893 2722 exet·

222 2740 294 2809 citi,
327 2759 478 2820 contraque
510 2739 727 2822 inrumpentem.
747 2743 896 2804 montibus

221 2817 329 2881 defensi
355 2842 362 2878 ε
388 2841 463 2902 quos.
487 2821 618 2901 corbulo,
646 2824 778 2885 immissis
805 2824 898 2886 Iberis
