2000 3684
211 299 606 386 bi'onrco'rt.
667 289 747 411 '333

66 455 173 498 menta.
199 436 279 499 Nam
313 436 401 497 rutilat
420 434 621 510 ¹Caledoniam
658 431 745 496 habi-

67 520 192 578 tantium
216 523 325 590 comae,
350 517 450 600 magni
472 536 568 588 artus,
589 517 746 578 Germani-

67 621 134 659 cam
155 601 297 683 originem
323 597 494 659 adseverant.
518 598 640 664 Silurum
662 597 747 658 colo-

67 682 124 741 rati
149 681 261 752 vultus,
288 687 316 740 &
342 681 410 739 torti
440 680 603 762 plerumque
635 681 749 753 crines,

67 771 97 822 δι
131 764 222 842 posita
250 759 348 821 conns
373 761 541 843 Hispania,
569 761 666 822 Iberos
693 783 748 822 ve-

68 863 141 902 teres
172 845 331 922 trajecisse,
365 863 466 924 easque
492 842 570 904 sedes
601 845 769 922 occupasse·

56 922 159 984 -fidem
180 923 297 984 faciunt.
316 925 443 984 Proximi
468 923 581 994 Gallis,
600 931 627 984 δι
646 925 752 986 similes

58 1025 137 1066 'sunt
159 1026 229 1065 :seu
249 1005 364 1064 durante
380 1005 498 1088 originis
517 1007 562 1076 vi,
576 1025 624 1065 seu
640 1027 752 1086 procur-

70 1086 198 1147 rentibus
226 1088 256 1146 in
287 1085 394 1146 diversa
422 1087 521 1158 tetris,
549 1088 653 1166 positio
687 1087 753 1147 cttli

71 1169 238 1248 corporibus
257 1165 387 1227 habitum
412 1166 489 1226 dedit
512 1190 518 1225 :
540 1167 568 1228 in
592 1170 751 1230 universum

70 1269 172 1310 tamen
196 1247 363 1320 aestimanti,
385 1248 487 1309 Gallos
507 1249 632 1308 vicinum
659 1251 753 1316 solum

73 1350 244 1410 occupasse,
264 1329 394 1389 credibile
413 1328 459 1389 est.
478 1327 586 1392 Eorum
606 1351 682 1391 sacra
701 1332 752 1392 de·
842 1395 847 1402 ,

73 1408 251 1494 prebendas,
281 1409 506 1491 superstitionum
538 1415 713 1492 persuasione
743 1438 751 1477 r

66 1495 170 1554 sermo
194 1490 270 1552 haud
290 1492 410 1552 multum
432 1493 574 1564 diversus,
594 1495 624 1553 in
645 1493 750 1574 depos-

75 1574 174 1634 cendis
200 1574 326 1654 periculis
353 1573 452 1632 eadem
480 1572 619 1645 audacia,
650 1583 677 1635 δι
703 1577 753 1636 ubi

76 1655 233 1724 advenere,
251 1657 280 1714 in
297 1653 481 1714 detreciandls
493 1653 593 1714 eadem
606 1655 730 1716 formido
744 1680 753 1720 t

78 1737 142 1820 plus
171 1756 266 1797 tamen
293 1735 404 1796 ferocia
429 1735 557 1796 Britanni
585 1735 754 1817 praeferunt,

79 1838 113 1878 ut
135 1840 205 1902 quos
231 1818 358 1878 nondum
383 1818 471 1904 longa
495 1838 550 1898 pax
573 1818 723 1878 emollierit
746 1843 754 1878 t

80 1921 151 1962 nam
174 1900 286 1961 'Gallos
318 1921 432 1982 quoque
461 1902 491 1959 in
522 1899 601 1960 bellis
631 1901 755 1966 floruisse

30 2019 33 2026 -
80 1983 241 2064 accepimus
258 2003 265 2040 ε
284 2003 352 2042 mox
371 1982 490 2066 segnitia
505 2001 569 2040 cum
586 1983 647 2042 otio
668 1984 757 2044 intra·

65 2066 147 2135 uit,
169 2061 271 2124 amissi
296 2065 396 2124 virtute
418 2065 519 2144 pariter
544 2084 577 2122 ac
604 2063 756 2137 libertate,

82 2145 164 2227 quod
178 2145 374 2204 Britannorum
391 2144 463 2202 olim
478 2144 561 2203 vietis
573 2145 666 2204 evenit
686 2169 693 2203 :
711 2151 758 2205 ce-

84 2228 137 2286 teri
160 2243 290 2294 manent,
308 2223 403 2318 quales
419 2224 501 2285 Galli
518 2221 637 2285 fuerunt.

126 2307 194 2369 Xll.
212 2307 246 2365 In
262 2303 354 2385 pedite
369 2303 471 2364 robur:
485 2303 614 2385 quadam
632 2309 761 2371 nationes

86 2397 116 2450 δι
142 2407 223 2448 curru
248 2386 410 2466 proeliantut
438 2408 446 2444 ε
472 2383 615 2447 honestior
644 2392 760 2473 auriga,

70 2471 202 2530 clientes
222 2484 429 2551 propugnant:
450 2467 522 2528 olim
541 2469 652 2551 tegibus
675 2492 759 2552 pare·

68 2554 181 2622 bant,
210 2571 283 2610 nunc
312 2570 359 2630 per
386 2551 523 2631 principes
543 2549 713 2614 factionibus
733 2561 762 2614 δι

86 2629 184 2695 studiis
200 2629 346 2692 trahuntur
365 2654 372 2689 ε
393 2653 444 2690 nec
463 2631 539 2692 aliud
557 2632 685 2705 adversus
704 2655 760 2694 va·

88 2712 239 2775 lidissinias
257 2730 353 2796 gentes
370 2705 427 2792 pio,
437 2713 520 2773 nobis
541 2714 656 2785 utilius,
696 2713 762 2784 uim

88 2793 170 2882 qubd
189 2797 219 2858 in
243 2815 395 2862 commune
414 2815 475 2857 non
493 2795 651 2860 consulunt.
719 2817 765 2860 tus
