2000 3684
175 363 430 434 AnnAtrvrr
453 359 538 432 Lrn.
563 363 645 433 rV.
682 381 752 452 227

62 485 258 553 traditurum,
283 480 423 562 pollicitus
449 481 495 543 est.
527 483 648 544 Addidit
665 505 752 564 ·prae-

69 569 149 637 mia,
170 587 224 648 pro
243 569 374 644 cujusque
391 564 506 635 ordine,
524 573 553 624 &
570 567 609 624 tei
626 564 753 628 familia-

69 649 106 705 tis
125 649 217 728 copiis
238 645 409 727 :finivitque
430 667 557 725 ternpus,
579 649 650 707 intra
673 651 755 731 quod

69 725 177 790 effeffis
207 727 344 790 domibus
363 747 410 786 aut
432 730 547 798 insulis,
569 729 754 809 adipisceren-

70 827 121 869 tur.
149 811 261 869 Ruderi
288 811 442 883 accipiendo
475 809 614 890 Ostienses
637 813 754 884 paludes

71 889 252 962 destinabat,
276 893 365 968 utique
381 913 489 961 naves,
515 911 572 966 qua
587 889 754 970 fiumentum

79 971 171 1032 Tiberi
181 974 408 1042 subvenerunt,
421 975 516 1054 onusta
526 975 618 1031 rudere
632 976 755 1036 aecum·

74 1073 140 1112 rent.
170 1055 355 1133 AEdr'ficiaque
379 1055 463 1128 ipsa,
492 1055 565 1113 tertii
586 1055 632 1113 sui
653 1073 755 1128 parte,

71 1135 130 1193 eine
145 1137 291 1204 trabibus,
309 1157 380 1194 saxo
401 1135 513 1196 Gabino
523 1134 670 1197 Albanove
685 1139 756 1196 soli-

74 1217 228 1277 darentur:
246 1213 325 1298 qubd
341 1218 364 1275 is
381 1216 452 1298 lapis
472 1216 586 1300 ignibus
603 1219 756 1299 impervius

72 1293 119 1354 est.
143 1299 208 1358 Jum
230 1321 321 1377 aqua,
340 1299 515 1372 privaturum
534 1300 649 1358 licentid
667 1300 756 1360 inter·-

73 1397 168 1451 cepta,
184 1381 238 1458 qub
259 1382 381 1459 largior,
396 1378 423 1440 b
438 1380 563 1454 pluribtu
577 1381 646 1440 lotis
660 1380 691 1439 in
697 1403 753 1456 pu·

75 1456 171 1520 blitum
189 1467 315 1542 flueret,
340 1463 454 1542 custodes
465 1485 479 1535 ,⁸
503 1459 530 1521 ἃ
555 1461 682 1520 subsidia
709 1485 755 1522 re·

72 1542 221 1611 primendis
233 1541 343 1622 ignibus
357 1544 386 1601 itt
392 1543 538 1618 propatulo
548 1543 659 1620 quisque
669 1542 753 1602 babe-
858 1571 863 1580 ·

79 1639 116 1678 ret
123 1645 135 1694 ‚·
149 1647 195 1684 nec
207 1627 395 1684 conmunione
404 1627 562 1699 parietum,
574 1624 756 1697 sedpropriir

78 1723 177 1782 quaque
186 1709 276 1766 muris
285 1706 459 1764 ambirentur.
474 1705 518 1765 Ea
529 1725 563 1763 ex
572 1705 694 1763 utilitate
707 1725 755 1764 ac·

76 1803 174 1864 cepa,
196 1788 330 1848 decorem
356 1807 471 1870 quoque
493 1807 574 1846 novae
598 1785 661 1845 urbi
682 1805 755 1848 attu-

78 1863 137 1926 iere.
162 1870 253 1930 Erant
275 1889 371 1930 tamen
391 1872 440 1950 qui
458 1868 618 1939 crederent,
635 1887 755 1930 veterem

78 1946 154 2008 illam
159 1953 284 2028 fitrmatn
298 1951 457 2010 salubritati
469 1953 559 2030 magis
574 1952 754 2022 condtmisse,

80 2034 200 2102 quoniam
213 2033 341 2114 augustia
358 2034 505 2104 itinenerrt,
519 2030 546 2094 b·
560 2033 676 2090 altitudo
697 2049 754 2091 tet·

81 2125 163 2171 torum
182 2139 237 2176 nort
254 2116 367 2190 perinde
384 2116 453 2174 solis
475 2135 577 2188 vapore
592 2135 753 2189 perrumpe·

82 2209 197 2255 rentur:
217 2215 250 2258 at
269 2218 339 2256 nunc
358 2197 483 2270 patulam
503 2194 700 2264 latitudinem,
726 2191 754 2256 {t

82 2275 153 2334 nulld
176 2279 271 2338 umbrb
294 2277 449 2355 definsare,
475 2277 603 2356 graviore
623 2275 683 2355 estu
707 2295 755 2334 ar·

81 2355 188 2418 deicere.

120 2436 227 2502 XLIV.
251 2441 291 2502 Et
310 2438 368 2500 huc
389 2439 506 2521 quidem
527 2434 659 2496 humanis
679 2457 755 2498 con·

85 2515 146 2578 siliis
165 2523 390 2602 providebantur.
413 2522 485 2582 Mox
508 2521 593 2599 petita
615 2517 668 2578 diis
685 2521 755 2597 pia-

87 2599 168 2672 nit,
189 2607 315 2686 antique
339 2605 452 2684 sibynae
479 2603 566 2671 nnn,
595 2611 628 2659 n
652 2600 755 2680 quibus

85 2683 261 2760 supplicatum
285 2686 418 2746 Vulcano
447 2693 475 2744 &
494 2683 593 2744 Ceteri
613 2681 755 2760 Proserpi·

87 2767 190 2843 haeque,
210 2791 243 2828 ac
262 2769 412 2849 propitiata
433 2767 508 2827 Juno
528 2784 576 2844 pet
594 2781 756 2834 matronas,

88 2844 200 2920 ptimtint
223 2855 253 2912 in
277 2849 452 2932 Capitolio,·
471 2846 572 2909 deinde
597 2844 672 2925 ²1⁵⁰d
693 2863 757 2925 im?

560 2927 650 3006 va.
