2000 3684
227 281 302 360 '3¹4
353 265 572 354 econio.
603 269 789 340 TAcrrr

229 405 274 450 mg
292 411 299 445 ς
319 407 370 446 nec
394 388 552 470 quidquam
575 388 708 448 notabile·
721 390 752 448 in
774 390 819 448 sin
873 391 914 463 ’ς,

136 501 152 552 ..²
228 471 285 529 nisi
302 468 380 549 quod
397 471 427 528 in
446 491 601 531 commune
621 465 783 540 Hertirum,
807 473 818 530 i
859 470 913 545 est,

218 547 349 625 „Terram
363 570 484 612 matrem
506 553 622 622 colunt,
641 572 763 633 eamque
784 554 912 614 interve-

228 632 289 692 nire
309 632 391 692 rebur
417 629 590 704 hominum,
615 629 712 694 invehi
733 634 848 714 populis
870 655 915 694 ar-

228 712 376 775 bitrantur.
406 713 457 776 Est
483 716 515 776 iu
544 715 635 775 insula
663 714 776 774 Oceani
807 713 913 776 castum

164 831 167 836 ·
229 814 350 867 nemus,
369 793 550 878 dicatumque
563 798 593 858 in
608 817 642 856 eo
658 793 823 856 vehiculum
841 795 914 858 veste

230 880 395 938 contectum
418 901 425 937 r
446 880 584 963 attingere
605 879 655 938 uni
675 878 815 938 sacerdoti
840 900 912 939 con-

230 979 349 1019 tersum.
362 959 390 1019 Is
400 959 494 1021 adesse
507 960 642 1041 penetrali
656 958 740 1019 deam
759 959 913 1044 intelligit,

230 1042 399 1121 miramque
420 1042 511 1102 bubus
531 1041 645 1102 feminis
669 1041 759 1101 multa
783 1063 850 1101 cum
870 1063 915 1101 ve-

231 1124 380 1182 neratione
414 1125 598 1206 prosequitur.
634 1122 706 1182 Laeti
737 1142 820 1185 tunc,
836 1122 914 1198 dies,

233 1199 303 1263 festa
325 1203 411 1275 lora,
429 1225 613 1286 quecumque
636 1204 759 1264 adventu
775 1202 916 1285 hospitio·

232 1304 289 1366 que
300 1282 442 1367 dignatur.
454 1286 526 1346 Non
539 1287 613 1347 bella
629 1287 741 1356 ineunt,
758 1308 820 1346 non
838 1307 915 1347 arma

232 1372 380 1438 sumunt,
409 1367 536 1429 clausum
565 1387 652 1428 omne
687 1366 790 1426 ferrum
818 1392 827 1426 r
861 1387 916 1450 'pax

233 1448 364 1529 &quies
387 1465 455 1510 tunc
476 1468 588 1510 tantum
607 1468 694 1520 nora,
717 1468 784 1508 tunc
805 1468 916 1510 tantum

234 1547 360 1602 amata,
394 1529 485 1591 donec
513 1531 590 1591 idem
623 1529 750 1592 sacerdos
785 1533 918 1592 satiatam

235 1613 449 1672 conversatione
491 1613 656 1672 mortalium
690 1611 773 1673 deam
810 1615 918 1695 templo

235 1691 363 1754 reddat:
391 1715 460 1754 mox
482 1691 645 1755 vehiculum
672 1703 699 1755 &
721 1692 829 1766 vestes,
849 1699 919 1756 &si

204 1836 207 1841 ,
234 1773 345 1834 credere
364 1776 453 1847 velis,
479 1797 585 1836 numen
607 1778 697 1857 ipsum
722 1795 829 1836 secreto
855 1778 919 1840 lacu

237 1856 370 1916 abluitur.
401 1858 481 1918 Servi
511 1855 695 1930 ministrant,
722 1879 794 1938 quos
824 1856 920 1919 statim

237 1936 316 1998 idern
339 1937 415 1998 lacus
442 1935 544 2000 haurit.
568 1941 695 2000 Arcanus
724 1935 791 1998 hinc
813 1959 919 2012 terror,

237 2020 391 2099 sanctaque
411 2021 591 2103 ignorantia3
603 2021 673 2104 quid
689 2021 723 2082 sit
738 2020 825 2094 illud,
841 2021 920 2104 quod

239 2117 351 2163 tantum
370 2103 484 2183 perituri
497 2103 604 2164 vident.
816 2139 819 2142 ·

280 2182 361 2244 XLI.
375 2183 415 2244 Et
433 2180 490 2245 haec
506 2184 622 2267 quidem
640 2205 702 2266 pars
720 2183 878 2245 Suevorum
891 2187 921 2246 in

235 2266 389 2328 secretiora
417 2265 578 2328 Germaniae
605 2268 763 2350 porrigitur.
801 2267 922 2348 Propior

214 2412 218 2416 ,
243 2352 304 2421 (ut
323 2348 486 2428 quomodo
506 2350 600 2430 paullo
622 2349 687 2410 anti
709 2346 863 2420 Rhenum,
883 2351 922 2412 sic

242 2449 318 2490 nunc
347 2429 514 2490 Danubium
541 2438 672 2513 sequar)
707 2429 924 2490 Hermunduro-

243 2531 307 2572 rum
333 2512 451 2586 civitas,
472 2510 530 2572 fida
549 2513 718 2583 Romanis,
742 2509 834 2594 eoque
854 2514 924 2573 solis

245 2591 456 2654 Germanorum
480 2617 541 2656 non
563 2597 593 2654 in
611 2596 672 2674 ripa
695 2595 924 2666 commercium,

246 2673 296 2734 aed
317 2675 447 2755 penitus,
465 2698 549 2760 arque
568 2678 599 2736 in
613 2674 838 2758 splendidissima
851 2675 922 2735 Rae-

163 2786 165 2789 ·
246 2755 291 2817 tiae
315 2757 466 2839 provinciae
498 2759 615 2822 colonia
639 2780 646 2816 r
671 2758 775 2842 passim
805 2765 834 2820 &
864 2759 925 2818 sine
