2000 3684
242 367 640 441 Aoatcota.
718 395 785 462 347

103 489 187 552 ducis
206 492 279 561 tati,
297 488 371 549 nihil
391 512 424 549 ex
445 493 606 574 arrogantia
627 493 786 564 remittere,

105 573 263 654 quominus
286 576 460 650 juventutem
487 591 658 645 armarent,
681 579 784 653 conju-

110 675 162 737 ges
186 673 219 712 ac
237 653 346 711 'liberos
366 654 395 711 in
419 654 483 711 loca
507 671 566 712 tuta
587 652 787 727 transferrent,

107 734 232 794 cretibus
247 754 281 793 ac
299 732 442 793 sacrificiis
460 737 697 814 conspirationem
716 739 788 796 clvi-

104 834 201 876 tatum
216 817 355 874 sancirent
376 837 383 872 :
398 834 481 896 atque
505 818 545 876 ita
560 817 673 876 Irritatis
687 819 788 876 utrim-

106 917 166 978 que
184 898 288 956 animis
307 896 471 956 discessum.
830 929 832 933 ·
862 961 863 966 ἵ

151 977 295 1037 XXVIII.
327 976 436 1037 Eidem
466 975 558 1038 estate
590 975 692 1038 cohors
717 979 789 1041 Usi-

107 1061 223 1198 piorum
255 1079 303 1139 per
332 1058 501 1119 Germanias
534 1061 693 1140 conscripta
716 1107 727 1130 ,
758 1062 789 1121 in

135 1142 286 1200 ritanniam
310 1143 495 1210 transmissa,
514 1161 653 1222 magnum
673 1161 706 1202 ac
732 1161 789 1200 me·

110 1221 251 1281 motabile
276 1219 386 1281 facinus
409 1243 477 1282 ausa
493 1219 539 1282 est.
562 1219 669 1281 Occiso
691 1241 790 1282 centu-

108 1305 191 1362 rione
209 1325 242 1363 ac
259 1303 414 1374 militibus,
430 1305 480 1385 qni
499 1302 537 1362 ad
553 1302 717 1364 tradendam
734 1303 789 1363 dis·

109 1385 248 1464 eiplinam
268 1385 391 1442 immixti
404 1384 573 1465 manipulis,
588 1386 747 1466 exemplum
761 1394 790 1445 &t

111 1470 233 1527 restores
253 1463 444 1536 habebantur,
463 1485 518 1529 tres
539 1467 720 1536 Liburnicas,
741 1467 791 1526 ad·

112 1549 184 1607 abiis
200 1568 247 1628 per
265 1548 325 1606 vim
341 1545 589 1630 gubernatoribus,
601 1547 789 1608 adscendite:

114 1637 143 1689 &
163 1649 221 1688 uno
241 1630 413 1710 remigante,
437 1629 569 1707 suspestis
590 1627 719 1698 duobus,
744 1625 792 1687 ed·

114 1731 170 1791 que
183 1708 351 1780 interfeffis,
372 1708 499 1768 nondum
519 1709 636 1792 vulgato
658 1729 791 1780 rumore,

114 1812 147 1851 ut
164 1792 330 1851 miraculum
353 1787 576 1871 provehebantur
603 1814 610 1848 ε
640 1811 708 1849 mox
738 1787 792 1848 hac

115 1893 201 1954 atque
216 1869 265 1933 illa
282 1874 371 1952 rapti,
393 1872 421 1932 a
440 1893 506 1930 curn
521 1871 657 1953 plerisque
675 1871 790 1932 Britan·

115 1975 220 2015 norum
236 1975 285 2015 sua
295 1952 500 2013 defensandum
516 1952 615 2034 proelio
629 1955 792 2037 congressi,

116 2058 151 2098 ac
164 2058 235 2117 saepe
249 2037 389 2106 vidiores,
410 2035 564 2116 aliquando
586 2035 680 2115 pulsi,
701 2032 736 2093 eb
755 2034 793 2094 ad
832 2093 836 2106 ,

117 2137 273 2177 extremum
300 2118 402 2198 inopiae
426 2137 557 2185 venere,
582 2135 614 2173 ur
637 2113 794 2175 infirmissi-

117 2221 182 2259 mos
199 2219 333 2269 suorum,
353 2217 422 2256 mox
442 2216 515 2256 sorte
534 2196 632 2255 dubios
650 2217 796 2256 vesceren-

117 2300 165 2340 tur
193 2300 304 2361 :atque
330 2282 370 2338 ita
392 2275 572 2354 circumvecti
595 2277 794 2349 Britanniam,

117 2363 229 2422 amissis
242 2383 290 2441 per
303 2352 444 2420 inscitiam
460 2357 575 2441 regendi
593 2358 727 2430 navibus,
744 2379 796 2439 pto

119 2443 296 2527 praedonibus
314 2439 420 2512 habiti,
434 2438 556 2522 primtim
567 2461 583 2498 a
596 2439 712 2511 Sucvis,
727 2461 796 2518 mox

120 2547 139 2586 a
151 2525 245 2584 Frisiis
262 2525 407 2604 intercepti
417 2542 479 2582 sunt
492 2546 500 2580 ε
515 2543 547 2581 ac
561 2519 653 2594 fuere,
667 2543 738 2603 quos
749 2541 798 2602 pet

120 2609 293 2666 commercia
317 2604 528 2675 venumdatos,
560 2611 587 2663 δι
613 2605 644 2661 in
673 2601 797 2663 nostram

118 2708 208 2769 usque
228 2689 318 2768 ripam
339 2689 495 2746 mutatione
520 2685 673 2743 ementium
694 2683 798 2742 adduc·
839 2704 841 2714 ’

78 2773 80 2777 ’
121 2789 186 2840 tos,
210 2769 347 2829 indicium
366 2769 438 2827 tanti
459 2761 538 2826 tastis
556 2762 718 2825 inlustravit.
738 2763 799 2823 lni-

121 2853 165 2913 tio
189 2848 288 2914 allatis
314 2848 469 2934 Agricola,
502 2845 656 2990 domesticlp
686 2845 804 2944 yulrtere,

669 2948 697 3008 Vl
