2000 3684
170 317 421 390 Annnnvn
444 319 527 388 ω.
553 321 656 390 XIII.
712 339 774 412 r3r

97 443 199 504 tetiem
223 439 464 500 'obnediatoribus
492 441 640 579 :rlguendce
671 460 781 505 seneen·

98 525 146 583 tiae
164 547 172 581 ε
193 527 249 589 Cur
266 523 358 592 enim,
378 523 406 580 si
425 542 497 595 renna
533 566 541 580 .
564 545 639 602 egere
655 525 781 588 libertate

97 605 242 664 senatoria
257 607 389 674 crederet,
401 621 459 662 tarn
472 605 550 664 levia
562 613 779 667 concederetur?

97 689 165 762 quin
185 689 219 746 de
235 685 307 744 bello
326 703 376 743 aut
388 685 474 758 pacej
494 689 528 744 de
551 687 730 765 veciigalibus
750 686 779 750 Cr

98 766 226 845 legibus,
242 766 387 844 quibusque
402 767 473 825 aliis
490 765 618 825 Romana
637 771 780 830 continen-

96 865 166 918 tur,
182 851 309 907 suaderet
324 848 556 907 dissuaderetve?
581 848 674 908 Licere
689 853 779 924 patri·

97 928 169 998 bur,
192 929 316 1006 quatie'rts
332 930 385 1010 jus
403 930 523 988 dicenda
540 933 682 989 sententia
702 953 779 991 acce-

93 1011 222 1086 pissent,
237 1033 294 1088 qua
300 1012 419 1080 vellent,
429 1029 600 1085 expromere,
612 1013 781 1072 relationem·

95 1114 146 1168 que
161 1091 193 1150 in
211 1115 245 1151 ea
252 1093 395 1174 postulare.
417 1090 466 1150 Art
484 1092 574 1151 salum
591 1093 779 1156 emendatione

96 1173 232 1252 dignum,
254 1195 288 1232 ne
315 1171 463 1254 Syracusis
493 1175 644 1248 spee‘lacula
672 1175 779 1256 largitis

98 1259 264 1313 ederentur?
285 1258 380 1314 Cetera
392 1275 445 1328 per
456 1275 549 1314 ornnes
562 1257 673 1329 imperii
682 1276 778 1330 partes

92 1336 210 1411 perinde
230 1337 356 1415 egregia,
380 1337 512 1412 quamsi
535 1356 588 1395 non
611 1335 708 1408 Nero,
729 1341 781 1400 sed

104 1417 231 1478 Thrasea
249 1417 366 1496 regimen
383 1438 474 1475 eanum
493 1421 621 1476 teneret?
646 1421 731 1500 Quat
748 1421 778 1479 εἰ

95 1521 206 1558 summa
237 1499 478 1558 dissimulatione·
495 1501 748 1559 transmitterentur
763 1531 780 1572 ,·

95 1582 198 1658 quanti
217 1582 306 1658 tnagis
318 1579 446 1640 inanibus
457 1578 665 1660 abstinendum?
682 1575 778 1641 Thra-

95 1683 144 1722 sea
164 1659 280 1732 contri,
297 1663 436 1720 rationem
457 1661 637 1740 poscentibus
656 1663 776 1734 amicis,

95 1766 152 1803 nan
171 1781 177 1791 -
180 1744 356 1818 presentium
386 1745 533 1820 ignauum,
564 1743 777 1823 respondebat,

95 1826 233 1908 ejusnwdi
246 1825 370 1884 consulta
379 1825 533 1902 corrigere3
546 1828 596 1883 sed
603 1843 713 1900 patrum
729 1827 778 1885 iro·

96 1908 161 1968 nari
182 1910 267 1978 dare,·
287 1923 318 1964 ut
336 1905 505 1986 manifestum
517 1907 598 1982 fieret
618 1929 778 1986 magnarum

95 2011 187 2048 renunt
206 2009 299 2046 curam
318 2008 373 2045 nan
394 1988 638 2058 dissimulaturos,
652 1989 700 2066 qui
712 1991 776 2048 arti-

95 2093 171 2130 mum
189 2071 274 2129 etiarn
295 2069 449 2129 levissimis
469 2071 648 2128 adverterent.

136 2153 173 2211 L.
197 2150 311 2211 Eodem
335 2169 432 2219 anno,
451 2149 553 2207 crebris
572 2148 669 2228 populi
688 2149 776 2231 flagi-

95 2233 286 2302 tationibus,
317 2228 527 2289 immodestiam
562 2229 778 2308 publicanorum

95 2316 260 2399 arguentis,
275 2312 414 2373 dubitavit
434 2310 531 2380 Nero,
552 2331 589 2367 an
608 2316 700 2369 cundia
719 2333 779 2370 uec·

93 2397 198 2477 tigalia
217 2395 310 2453 amitti
324 2391 453 2473 juberet,
470 2394 550 2469 idque
566 2391 778 2466 pulcherrimum

93 2481 195 2538 danunt
216 2475 309 2556 generi
327 2475 484 2532 mortalium
507 2476 593 2532 daret.
613 2473 667 2532 Sed
686 2475 779 2568 impe-

94 2577 156 2618 tum
178 2562 259 2637 εῇιις,
276 2555 398 2616 multum
417 2554 492 2634 priris
505 2553 620 2614 laudati
638 2573 777 2634 magnitu-

93 2641 161 2700 dine
182 2638 292 2708 animi,
314 2638 449 2696 attinuere
470 2655 633 2706 senatores,
659 2637 778 2696 dissolu-

55 2783 58 2787 ,
94 2723 200 2780 tionem
216 2719 326 2793 imperii
346 2717 494 2787 docendo,
512 2719 540 2777 si
551 2717 657 2795 frutius
680 2717 779 2795 quibus

94 2801 203 2882 respub.
223 2801 412 2882 sustinerem,
427 2799 782 2938 άηιὶιιιιινιπέιινιᾳιιὶρρε,

628 2900 657 2960 Vi
