2000 3684
159 343 406 414 Arruntium
428 345 514 414 Lm.
539 344 640 415 rrV.
669 354 734 434 163

73 460 209 534 cobortes,
220 463 337 545 duaeque
346 464 474 546 equitum
481 464 533 523 ala
545 487 552 522 ε
564 473 591 524 &
601 463 660 547 qud
671 464 742 526 faci·

75 543 121 604 liris
137 567 241 606 novum
259 566 378 627 regnum
398 565 536 616 tueretur,
553 565 614 626 pars
632 548 740 608 Arme-

75 627 141 694 nia,
158 646 187 686 ut
198 629 300 707 cuique
313 625 455 697 finitima,
472 648 534 707 pars
548 631 568 674 ‘l‘
585 627 742 710 Nipolique

42 700 44 710 '
74 715 99 764 &
114 705 273 768 Aristobulo
291 727 375 790 atque
388 705 536 768 Antiocho
551 727 645 788 patere
662 713 742 788 jussa

75 807 139 847 sunt.
156 787 285 867 Corbulo
304 792 334 848 in
349 789 461 870 Syriam
479 790 631 859 abscessit,
652 809 742 852 morte

75 866 207 930 Ummidii
215 871 243 930 le
265 873 305 930 ati
314 891 449 943 vacuam,
461 893 494 930 ac
504 872 558 931 sibi
570 873 744 951 permissam.

111 949 231 1011 XXVII.
281 953 369 1012 odem
393 973 489 1024 anno,
520 973 554 1011 ex
586 949 745 1020 inlustribus

76 1027 141 1091 Asia
168 1033 303 1104 urbibus,
336 1033 478 1094 Laodicea
511 1053 631 1093 tremore
668 1051 744 1098 tetrae

77 1114 212 1193 prolapsa,
227 1117 309 1174 nullo
328 1137 346 1174 a
367 1117 451 1175 nobis
464 1115 612 1186 remedio,
626 1117 744 1196 propriis

78 1195 167 1272 opibus
186 1198 314 1256 revaluit.
333 1199 374 1256 At
387 1198 422 1262 ,in
435 1196 537 1268 ltalia,
558 1216 636 1256 vetus
656 1199 743 1278 oppi-

78 1273 139 1334 dum
154 1277 283 1350 Puteoli,
300 1283 343 1358 jus
364 1277 504 1350 colonias,
521 1287 548 1338 &
570 1299 746 1362 cognomen·

79 1373 132 1415 tum
152 1380 167 1418 a
184 1359 302 1418 Nerone
319 1358 516 1439 adipiscuntur.
536 1359 671 1419 Veterani
686 1359 745 1420 Ta-

81 1457 179 1499 rentum
201 1449 229 1501 &
253 1441 376 1500 Antium
398 1440 546 1521 adscripti,
568 1460 745 1501 nontamen

80 1517 259 1601 infrequentiae
287 1522 414 1581 locorum
440 1521 610 1594 subvenere,
632 1521 746 1602 dilapsis

81 1600 190 1679 plauibus
213 1605 244 1662 in
265 1604 447 1684 provincias,
464 1605 494 1661 in
512 1603 615 1682 quibus
637 1601 745 1681 stipen-

80 1679 122 1740 dia
146 1685 331 1765 expleverant.
357 1684 459 1763 Neque
486 1684 626 1765 conjugiis
656 1685 746 1744 susci⁴

81 1763 198 1840 piendis,
220 1787 313 1848 neque
335 1765 442 1826 alendis
466 1764 561 1824 liberis
580 1765 670 1834 sueti,
696 1786 747 1824 ot·

82 1841 124 1904 bas
139 1848 194 1906 sine
207 1845 323 1927 posteris
341 1847 442 1908 domos
455 1846 660 1926 relinquebant.
677 1846 748 1907 Non

80 1927 167 1999 enim,
191 1947 223 1988 ut
246 1929 341 1998 olim,
364 1931 496 1988 universa
517 1929 643 2010 legiones
663 1925 749 1988 dedu·

83 2005 225 2081 cebantut,
247 2031 314 2068 cum
334 2009 500 2072 tribunis&
523 2009 748 2082 centurionibus,

82 2092 159 2149 &sui
177 2097 311 2173 cujusque
329 2089 435 2150 ordinis
454 2091 616 2162 militibus,
637 2109 668 2149 ut
683 2111 750 2150 con-

80 2188 153 2230 sensu
176 2181 203 2232 &
224 2175 341 2232 caritate
366 2173 494 2252 rempub.
520 2171 678 2240 efficerent3
701 2171 750 2232 sed

83 2250 165 2332 ignoti
184 2255 257 2313 inter
277 2274 327 2321 se,
351 2252 466 2312 diversis
494 2251 662 2330 manipulis,
691 2253 752 2310 sine

84 2334 201 2405 restore,
222 2336 284 2394 sine
304 2330 450 2393 affeeiibus
471 2333 597 2404 mutuis,
619 2333 698 2412 quasi
717 2351 752 2396 ex

83 2411 135 2472 alio
161 2436 260 2497 genere
285 2416 446 2476 mortalium
473 2431 584 2494 repente
608 2414 637 2474 in
663 2433 753 2476 unum

87 2495 191 2555 colledii
201 2521 211 2568 3
223 2517 354 2557 numerus
366 2499 477 2581 magis,
491 2493 577 2576 quim
592 2495 715 2555 colonia.

119 2575 260 2638 XXVIII.
282 2578 411 2639 Comitia
437 2597 609 2661 praetorum,
634 2575 753 2636 arbitrio

88 2657 188 2718 senatis
212 2657 311 2719 haberi
337 2658 438 2731 solita,
464 2657 542 2741 quiid
567 2658 672 2718 acriore
690 2677 754 2718 am-

90 2735 144 2797 bitu
154 2760 329 2812 exarserant,
343 2743 469 2822 princeps
486 2739 664 2819 composuit,
679 2757 753 2810 tres,

91 2822 135 2899 qui
145 2843 224 2902 supra
234 2842 381 2885 numerum
398 2822 548 2904 petebant,
565 2821 672 2905 legioni
686 2841 757 2903 pra·-

861 2851 866 2879 l
