<?xml version="1.0" encoding="UTF-8"?>
<!DOCTYPE html PUBLIC "-//W3C//DTD XHTML 1.0 Transitional//EN"
    "http://www.w3.org/TR/xhtml1/DTD/xhtml1-transitional.dtd">
<html xmlns="http://www.w3.org/1999/xhtml" xml:lang="en" lang="en">
 <head>
  <title>
</title>
<meta http-equiv="Content-Type" content="text/html;charset=utf-8" />
  <meta name='ocr-system' content='tesseract 3.04.00' />
  <meta name='ocr-capabilities' content='ocr_page ocr_carea ocr_par ocr_line ocrx_word'/>
</head>
<body>
  <div class='ocr_page' id='page_1' title='image "./ccorneliitaciti01lallgoog_0357.png"; bbox 0 0 2000 3684; ppageno 0'>
   <div class='ocr_carea' id='block_1_1' title="bbox 101 290 768 492">
    <p class='ocr_par' dir='ltr' id='par_1_1' title="bbox 101 290 768 492">
     <span class='ocr_line' id='line_1_1' title="bbox 223 290 768 386; baseline 0.004 -25"><span class='ocrx_word' id='word_1_1' title='bbox 223 290 620 362; x_wconf 69' lang='lat' dir='ltr'>Aourcorr.</span> <span class='ocrx_word' id='word_1_2' title='bbox 700 315 768 386; x_wconf 54' lang='lat'>345,</span> 
     </span>
     <span class='ocr_line' id='line_1_2' title="bbox 101 408 768 492; baseline 0.009 -24"><span class='ocrx_word' id='word_1_3' title='bbox 101 463 106 468; x_wconf 87' lang='lat'>.</span> <span class='ocrx_word' id='word_1_4' title='bbox 130 408 231 472; x_wconf 83' lang='lat' dir='ltr'><strong>XXV.</strong></span> <span class='ocrx_word' id='word_1_5' title='bbox 243 411 377 472; x_wconf 84' lang='lat' dir='ltr'>Cetenim</span> <span class='ocrx_word' id='word_1_6' title='bbox 390 410 500 482; x_wconf 73' lang='lat' dir='ltr'>estate,</span> <span class='ocrx_word' id='word_1_7' title='bbox 514 411 570 492; x_wconf 65' lang='lat' dir='ltr'>qual</span> <span class='ocrx_word' id='word_1_8' title='bbox 580 429 688 472; x_wconf 87' lang='lat' dir='ltr'>sertum</span> <span class='ocrx_word' id='word_1_9' title='bbox 698 415 768 474; x_wconf 89' lang='lat' dir='ltr'>offi-</span> 
     </span>
    </p>
   </div>
   <div class='ocr_carea' id='block_1_2' title="bbox 88 489 817 2909">
    <p class='ocr_par' dir='ltr' id='par_1_2' title="bbox 88 489 817 2909">
     <span class='ocr_line' id='line_1_3' title="bbox 90 489 770 572; baseline 0.006 -22"><span class='ocrx_word' id='word_1_10' title='bbox 90 490 131 551; x_wconf 82' lang='lat' dir='ltr'>cii</span> <span class='ocrx_word' id='word_1_11' title='bbox 155 514 261 552; x_wconf 88' lang='lat' dir='ltr'>annum</span> <span class='ocrx_word' id='word_1_12' title='bbox 289 489 465 565; x_wconf 76' lang='lat' dir='ltr'>inchoabat,</span> <span class='ocrx_word' id='word_1_13' title='bbox 493 494 600 572; x_wconf 86' lang='lat' dir='ltr'>amplas</span> <span class='ocrx_word' id='word_1_14' title='bbox 621 495 770 567; x_wconf 78' lang='lat' dir='ltr'>civitatee,</span> 
     </span>
     <span class='ocr_line' id='line_1_4' title="bbox 89 573 767 654; baseline 0.003 -22"><span class='ocrx_word' id='word_1_15' title='bbox 89 592 169 632; x_wconf 84' lang='lat' dir='ltr'>trans</span> <span class='ocrx_word' id='word_1_16' title='bbox 187 573 353 634; x_wconf 85' lang='lat' dir='ltr'>Bodotriam</span> <span class='ocrx_word' id='word_1_17' title='bbox 376 575 462 644; x_wconf 84' lang='lat' dir='ltr'>sitas,</span> <span class='ocrx_word' id='word_1_18' title='bbox 487 575 554 654; x_wconf 81' lang='lat' dir='ltr'>quia</span> <span class='ocrx_word' id='word_1_19' title='bbox 581 594 672 634; x_wconf 86' lang='lat' dir='ltr'>motus</span> <span class='ocrx_word' id='word_1_20' title='bbox 698 579 767 634; x_wconf 83' lang='lat' dir='ltr'>uni·</span> 
     </span>
     <span class='ocr_line' id='line_1_5' title="bbox 89 653 768 738; baseline 0.004 -24"><span class='ocrx_word' id='word_1_21' title='bbox 89 674 235 731; x_wconf 77' lang='lat' dir='ltr'>versatum</span> <span class='ocrx_word' id='word_1_22' title='bbox 254 653 325 714; x_wconf 70' lang='lat' dir='ltr'>ultri</span> <span class='ocrx_word' id='word_1_23' title='bbox 342 657 486 738; x_wconf 86' lang='lat' dir='ltr'>gentium,</span> <span class='ocrx_word' id='word_1_24' title='bbox 506 663 534 714; x_wconf 90' lang='lat'>&amp;</span> <span class='ocrx_word' id='word_1_25' title='bbox 554 653 653 714; x_wconf 81' lang='lat' dir='ltr'>infesta</span> <span class='ocrx_word' id='word_1_26' title='bbox 673 653 768 718; x_wconf 88' lang='lat' dir='ltr'>hostili</span> 
     </span>
     <span class='ocr_line' id='line_1_6' title="bbox 90 736 766 817; baseline 0.009 -24"><span class='ocrx_word' id='word_1_27' title='bbox 90 737 214 794; x_wconf 84' lang='lat' dir='ltr'>exercitu</span> <span class='ocrx_word' id='word_1_28' title='bbox 239 738 339 796; x_wconf 87' lang='lat' dir='ltr'>itinera</span> <span class='ocrx_word' id='word_1_29' title='bbox 356 736 548 806; x_wconf 84' lang='lat' dir='ltr'>timebantur,</span> <span class='ocrx_word' id='word_1_30' title='bbox 567 755 660 817; x_wconf 85' lang='lat' dir='ltr'>portus</span> <span class='ocrx_word' id='word_1_31' title='bbox 680 736 766 799; x_wconf 82' lang='lat' dir='ltr'>classe</span> 
     </span>
     <span class='ocr_line' id='line_1_7' title="bbox 88 814 769 898; baseline 0.009 -24"><span class='ocrx_word' id='word_1_32' title='bbox 88 815 272 895; x_wconf 82' lang='lat' dir='ltr'>exploravit:</span> <span class='ocrx_word' id='word_1_33' title='bbox 294 838 355 897; x_wconf 81' lang='lat' dir='ltr'>quae</span> <span class='ocrx_word' id='word_1_34' title='bbox 373 817 410 875; x_wconf 86' lang='lat' dir='ltr'>ab</span> <span class='ocrx_word' id='word_1_35' title='bbox 429 814 565 898; x_wconf 81' lang='lat' dir='ltr'>Agricola</span> <span class='ocrx_word' id='word_1_36' title='bbox 584 816 706 898; x_wconf 78' lang='lat' dir='ltr'>primum</span> <span class='ocrx_word' id='word_1_37' title='bbox 726 841 769 880; x_wconf 86' lang='lat' dir='ltr'>as-</span> 
     </span>
     <span class='ocr_line' id='line_1_8' title="bbox 89 898 769 980; baseline 0.007 -24"><span class='ocrx_word' id='word_1_38' title='bbox 89 917 204 976; x_wconf 84' lang='lat' dir='ltr'>sumpta</span> <span class='ocrx_word' id='word_1_39' title='bbox 235 899 265 956; x_wconf 91' lang='lat' dir='ltr'>in</span> <span class='ocrx_word' id='word_1_40' title='bbox 302 903 410 976; x_wconf 79' lang='lat' dir='ltr'>partem</span> <span class='ocrx_word' id='word_1_41' title='bbox 436 898 540 956; x_wconf 87' lang='lat' dir='ltr'>virium</span> <span class='ocrx_word' id='word_1_42' title='bbox 561 943 573 967; x_wconf 95' lang='lat'>,</span> <span class='ocrx_word' id='word_1_43' title='bbox 602 900 769 980; x_wconf 78' lang='lat' dir='ltr'>sequebatur</span> 
     </span>
     <span class='ocr_line' id='line_1_9' title="bbox 89 977 803 1060; baseline 0.01 -24"><span class='ocrx_word' id='word_1_44' title='bbox 89 977 207 1060; x_wconf 70' lang='lat' dir='ltr'>egregii</span> <span class='ocrx_word' id='word_1_45' title='bbox 230 981 338 1058; x_wconf 85' lang='lat' dir='ltr'>specie,</span> <span class='ocrx_word' id='word_1_46' title='bbox 362 999 449 1060; x_wconf 85' lang='lat' dir='ltr'>quum</span> <span class='ocrx_word' id='word_1_47' title='bbox 465 977 550 1037; x_wconf 85' lang='lat' dir='ltr'>simul</span> <span class='ocrx_word' id='word_1_48' title='bbox 572 977 661 1051; x_wconf 63' lang='lat' dir='ltr'>terri,</span> <span class='ocrx_word' id='word_1_49' title='bbox 684 982 769 1043; x_wconf 88' lang='lat' dir='ltr'>simul</span> <span class='ocrx_word' id='word_1_50' title='bbox 798 984 803 994; x_wconf 88' lang='grc'><strong>’</strong></span> 
     </span>
     <span class='ocr_line' id='line_1_10' title="bbox 89 1059 769 1141; baseline 0.007 -23"><span class='ocrx_word' id='word_1_51' title='bbox 89 1059 166 1118; x_wconf 87' lang='lat' dir='ltr'>mari</span> <span class='ocrx_word' id='word_1_52' title='bbox 188 1059 293 1118; x_wconf 88' lang='lat' dir='ltr'>bellum</span> <span class='ocrx_word' id='word_1_53' title='bbox 311 1061 514 1140; x_wconf 77' lang='lat' dir='ltr'>impelleretur,</span> <span class='ocrx_word' id='word_1_54' title='bbox 528 1080 561 1119; x_wconf 85' lang='lat' dir='ltr'>ac</span> <span class='ocrx_word' id='word_1_55' title='bbox 577 1081 647 1141; x_wconf 79' lang='lat' dir='ltr'>saepe</span> <span class='ocrx_word' id='word_1_56' title='bbox 667 1061 769 1124; x_wconf 87' lang='lat' dir='ltr'>iisdem</span> 
     </span>
     <span class='ocr_line' id='line_1_11' title="bbox 89 1137 767 1222; baseline 0.007 -24"><span class='ocrx_word' id='word_1_57' title='bbox 89 1137 186 1199; x_wconf 84' lang='lat' dir='ltr'>castris</span> <span class='ocrx_word' id='word_1_58' title='bbox 205 1139 287 1220; x_wconf 88' lang='lat' dir='ltr'>pedes</span> <span class='ocrx_word' id='word_1_59' title='bbox 304 1161 443 1222; x_wconf 84' lang='lat' dir='ltr'>equesque</span> <span class='ocrx_word' id='word_1_60' title='bbox 462 1149 490 1201; x_wconf 76' lang='grc' dir='ltr'>δι</span> <span class='ocrx_word' id='word_1_61' title='bbox 503 1143 639 1202; x_wconf 84' lang='lat' dir='ltr'>nauticus</span> <span class='ocrx_word' id='word_1_62' title='bbox 662 1143 767 1216; x_wconf 85' lang='lat' dir='ltr'>miles,</span> 
     </span>
     <span class='ocr_line' id='line_1_12' title="bbox 89 1221 766 1305; baseline 0.009 -27"><span class='ocrx_word' id='word_1_63' title='bbox 89 1222 176 1291; x_wconf 62' lang='lat' dir='ltr'>mixti</span> <span class='ocrx_word' id='word_1_64' title='bbox 193 1224 319 1300; x_wconf 84' lang='lat' dir='ltr'>copiis&amp;</span> <span class='ocrx_word' id='word_1_65' title='bbox 332 1221 449 1293; x_wconf 65' lang='lat' dir='ltr'>letitia,</span> <span class='ocrx_word' id='word_1_66' title='bbox 467 1242 516 1282; x_wconf 81' lang='lat' dir='ltr'>sua</span> <span class='ocrx_word' id='word_1_67' title='bbox 533 1224 650 1305; x_wconf 84' lang='lat' dir='ltr'>quisque</span> <span class='ocrx_word' id='word_1_68' title='bbox 668 1222 766 1296; x_wconf 65' lang='lat' dir='ltr'>faeta,</span> 
     </span>
     <span class='ocr_line' id='line_1_13' title="bbox 92 1302 814 1374; baseline 0.003 -12"><span class='ocrx_word' id='word_1_69' title='bbox 92 1323 159 1362; x_wconf 80' lang='lat' dir='ltr'>suos</span> <span class='ocrx_word' id='word_1_70' title='bbox 176 1324 252 1362; x_wconf 84' lang='lat' dir='ltr'>casus</span> <span class='ocrx_word' id='word_1_71' title='bbox 273 1304 451 1364; x_wconf 83' lang='lat' dir='ltr'>attollerent:</span> <span class='ocrx_word' id='word_1_72' title='bbox 471 1325 504 1362; x_wconf 90' lang='lat' dir='ltr'>ac</span> <span class='ocrx_word' id='word_1_73' title='bbox 524 1302 614 1374; x_wconf 84' lang='lat' dir='ltr'>modd</span> <span class='ocrx_word' id='word_1_74' title='bbox 632 1307 768 1368; x_wconf 83' lang='lat' dir='ltr'>siluarum</span> <span class='ocrx_word' id='word_1_75' title='bbox 812 1367 814 1372; x_wconf 66' lang='grc'>,</span> 
     </span>
     <span class='ocr_line' id='line_1_14' title="bbox 92 1379 768 1467; baseline 0.006 -25"><span class='ocrx_word' id='word_1_76' title='bbox 92 1379 122 1442; x_wconf 68' lang='grc' dir='ltr'><strong><em>ἃ</em></strong></span> <span class='ocrx_word' id='word_1_77' title='bbox 146 1387 276 1443; x_wconf 80' lang='lat' dir='ltr'>montium</span> <span class='ocrx_word' id='word_1_78' title='bbox 293 1387 446 1461; x_wconf 84' lang='lat' dir='ltr'>profundo,</span> <span class='ocrx_word' id='word_1_79' title='bbox 471 1383 561 1444; x_wconf 84' lang='lat' dir='ltr'>modd</span> <span class='ocrx_word' id='word_1_80' title='bbox 587 1388 768 1467; x_wconf 77' lang='lat' dir='ltr'>tempestatum</span> 
     </span>
     <span class='ocr_line' id='line_1_15' title="bbox 90 1463 766 1548; baseline 0.003 -23"><span class='ocrx_word' id='word_1_81' title='bbox 90 1487 126 1525; x_wconf 80' lang='lat' dir='ltr'>ac</span> <span class='ocrx_word' id='word_1_82' title='bbox 140 1468 270 1544; x_wconf 71' lang='lat' dir='ltr'>flur‘luum</span> <span class='ocrx_word' id='word_1_83' title='bbox 290 1469 427 1536; x_wconf 82' lang='lat' dir='ltr'>aduersa,</span> <span class='ocrx_word' id='word_1_84' title='bbox 443 1463 508 1524; x_wconf 88' lang='lat' dir='ltr'>hinc</span> <span class='ocrx_word' id='word_1_85' title='bbox 527 1485 599 1526; x_wconf 82' lang='lat' dir='ltr'>terra</span> <span class='ocrx_word' id='word_1_86' title='bbox 621 1465 766 1548; x_wconf 60' lang='lat' dir='ltr'>Mollis,</span> 
     </span>
     <span class='ocr_line' id='line_1_16' title="bbox 92 1541 769 1625; baseline 0.006 -21"><span class='ocrx_word' id='word_1_87' title='bbox 92 1541 161 1604; x_wconf 88' lang='lat' dir='ltr'>hinc</span> <span class='ocrx_word' id='word_1_88' title='bbox 171 1554 263 1606; x_wconf 59' lang='lat' dir='ltr'>austres</span> <span class='ocrx_word' id='word_1_89' title='bbox 278 1547 404 1606; x_wconf 83' lang='lat' dir='ltr'>Oceanus</span> <span class='ocrx_word' id='word_1_90' title='bbox 417 1547 534 1606; x_wconf 88' lang='lat' dir='ltr'>militari</span> <span class='ocrx_word' id='word_1_91' title='bbox 547 1546 680 1625; x_wconf 62' lang='lat' dir='ltr'>jactantii</span> <span class='ocrx_word' id='word_1_92' title='bbox 691 1569 769 1608; x_wconf 89' lang='lat' dir='ltr'>com-</span> 
     </span>
     <span class='ocr_line' id='line_1_17' title="bbox 91 1629 769 1709; baseline 0.004 -23"><span class='ocrx_word' id='word_1_93' title='bbox 91 1646 261 1706; x_wconf 83' lang='lat' dir='ltr'>pararentur.</span> <span class='ocrx_word' id='word_1_94' title='bbox 276 1629 429 1688; x_wconf 78' lang='lat' dir='ltr'><em>Britannos</em></span> <span class='ocrx_word' id='word_1_95' title='bbox 445 1647 579 1709; x_wconf 87' lang='lat' dir='ltr'>quoque,</span> <span class='ocrx_word' id='word_1_96' title='bbox 602 1647 632 1688; x_wconf 90' lang='lat' dir='ltr'>ut</span> <span class='ocrx_word' id='word_1_97' title='bbox 653 1649 687 1686; x_wconf 85' lang='lat' dir='ltr'>ex</span> <span class='ocrx_word' id='word_1_98' title='bbox 701 1650 769 1709; x_wconf 81' lang='lat' dir='ltr'>cap-</span> 
     </span>
     <span class='ocr_line' id='line_1_18' title="bbox 92 1709 817 1790; baseline -0.004 -23"><span class='ocrx_word' id='word_1_99' title='bbox 92 1709 159 1768; x_wconf 84' lang='lat' dir='ltr'>tivis</span> <span class='ocrx_word' id='word_1_100' title='bbox 177 1709 360 1780; x_wconf 85' lang='lat' dir='ltr'>audiebatur,</span> <span class='ocrx_word' id='word_1_101' title='bbox 381 1713 448 1771; x_wconf 77' lang='lat' dir='ltr'>uisa</span> <span class='ocrx_word' id='word_1_102' title='bbox 466 1710 566 1768; x_wconf 83' lang='lat' dir='ltr'>classis</span> <span class='ocrx_word' id='word_1_103' title='bbox 586 1709 770 1790; x_wconf 72' lang='lat' dir='ltr'>obstupefhcie·</span> <span class='ocrx_word' id='word_1_104' title='bbox 815 1759 817 1764; x_wconf 92' lang='lat'><em>.</em></span> 
     </span>
     <span class='ocr_line' id='line_1_19' title="bbox 90 1787 771 1868; baseline 0.003 -20"><span class='ocrx_word' id='word_1_105' title='bbox 90 1787 159 1860; x_wconf 78' lang='lat' dir='ltr'>bat,</span> <span class='ocrx_word' id='word_1_106' title='bbox 173 1809 327 1868; x_wconf 79' lang='lat' dir='ltr'>tamquam,</span> <span class='ocrx_word' id='word_1_107' title='bbox 342 1810 433 1865; x_wconf 83' lang='lat' dir='ltr'>aperto</span> <span class='ocrx_word' id='word_1_108' title='bbox 449 1791 536 1848; x_wconf 83' lang='lat' dir='ltr'>moris</span> <span class='ocrx_word' id='word_1_109' title='bbox 555 1793 601 1849; x_wconf 85' lang='lat' dir='ltr'>sui</span> <span class='ocrx_word' id='word_1_110' title='bbox 613 1809 713 1850; x_wconf 83' lang='lat' dir='ltr'>secreto</span> <span class='ocrx_word' id='word_1_111' title='bbox 728 1792 771 1850; x_wconf 90' lang='lat' dir='ltr'>ul-</span> 
     </span>
     <span class='ocr_line' id='line_1_20' title="bbox 91 1873 770 1952; baseline 0.009 -24"><span class='ocrx_word' id='word_1_112' title='bbox 91 1873 189 1930; x_wconf 82' lang='lat' dir='ltr'>timum</span> <span class='ocrx_word' id='word_1_113' title='bbox 199 1875 283 1934; x_wconf 76' lang='lat' dir='ltr'>uiuis</span> <span class='ocrx_word' id='word_1_114' title='bbox 291 1874 442 1952; x_wconf 72' lang='lat' dir='ltr'>perfiaegium</span> <span class='ocrx_word' id='word_1_115' title='bbox 460 1873 636 1932; x_wconf 79' lang='lat' dir='ltr'>clauderetur.</span> <span class='ocrx_word' id='word_1_116' title='bbox 649 1873 695 1932; x_wconf 87' lang='lat' dir='ltr'>Ad</span> <span class='ocrx_word' id='word_1_117' title='bbox 708 1893 770 1934; x_wconf 87' lang='lat' dir='ltr'>ma·</span> 
     </span>
     <span class='ocr_line' id='line_1_21' title="bbox 92 1952 769 2014; baseline 0.003 -4"><span class='ocrx_word' id='word_1_118' title='bbox 92 1973 152 2011; x_wconf 80' lang='lat' dir='ltr'>nus¹</span> <span class='ocrx_word' id='word_1_119' title='bbox 168 1963 195 2012; x_wconf 91' lang='lat'><strong>&amp;</strong></span> <span class='ocrx_word' id='word_1_120' title='bbox 212 1975 291 2013; x_wconf 85' lang='lat' dir='ltr'>arma</span> <span class='ocrx_word' id='word_1_121' title='bbox 313 1955 439 2013; x_wconf 84' lang='lat' dir='ltr'>conversi</span> <span class='ocrx_word' id='word_1_122' title='bbox 464 1952 655 2014; x_wconf 85' lang='lat' dir='ltr'>Caledoniam</span> <span class='ocrx_word' id='word_1_123' title='bbox 682 1955 769 2013; x_wconf 89' lang='lat' dir='ltr'>inco-</span> 
     </span>
     <span class='ocr_line' id='line_1_22' title="bbox 92 2033 770 2116; baseline 0.003 -24"><span class='ocrx_word' id='word_1_124' title='bbox 92 2033 181 2093; x_wconf 87' lang='lat' dir='ltr'>lentes</span> <span class='ocrx_word' id='word_1_125' title='bbox 211 2034 329 2115; x_wconf 83' lang='lat' dir='ltr'>populi,</span> <span class='ocrx_word' id='word_1_126' title='bbox 363 2053 460 2114; x_wconf 86' lang='lat' dir='ltr'>paratu</span> <span class='ocrx_word' id='word_1_127' title='bbox 494 2055 630 2116; x_wconf 84' lang='lat' dir='ltr'>magno,</span> <span class='ocrx_word' id='word_1_128' title='bbox 663 2041 770 2113; x_wconf 85' lang='lat' dir='ltr'>majore</span> 
     </span>
     <span class='ocr_line' id='line_1_23' title="bbox 92 2112 771 2198; baseline 0.006 -25"><span class='ocrx_word' id='word_1_129' title='bbox 92 2112 193 2186; x_wconf 69' lang='lat' dir='ltr'>fami,</span> <span class='ocrx_word' id='word_1_130' title='bbox 211 2119 252 2175; x_wconf 90' lang='lat' dir='ltr'>uti</span> <span class='ocrx_word' id='word_1_131' title='bbox 270 2115 383 2177; x_wconf 78' lang='lat' dir='ltr'>mosell</span> <span class='ocrx_word' id='word_1_132' title='bbox 399 2116 433 2175; x_wconf 88' lang='lat' dir='ltr'>de</span> <span class='ocrx_word' id='word_1_133' title='bbox 444 2117 571 2198; x_wconf 84' lang='lat' dir='ltr'>ignotis,</span> <span class='ocrx_word' id='word_1_134' title='bbox 588 2138 771 2194; x_wconf 78' lang='lat' dir='ltr'>oppugnassse</span> 
     </span>
     <span class='ocr_line' id='line_1_24' title="bbox 92 2195 772 2276; baseline 0.003 -22"><span class='ocrx_word' id='word_1_135' title='bbox 92 2197 189 2267; x_wconf 82' lang='lat' dir='ltr'>ultro,</span> <span class='ocrx_word' id='word_1_136' title='bbox 209 2195 318 2256; x_wconf 82' lang='lat' dir='ltr'>castella</span> <span class='ocrx_word' id='word_1_137' title='bbox 339 2197 452 2267; x_wconf 89' lang='lat' dir='ltr'>adorti,</span> <span class='ocrx_word' id='word_1_138' title='bbox 476 2216 600 2265; x_wconf 85' lang='lat' dir='ltr'>metum,</span> <span class='ocrx_word' id='word_1_139' title='bbox 619 2215 649 2254; x_wconf 92' lang='lat' dir='ltr'>ut</span> <span class='ocrx_word' id='word_1_140' title='bbox 670 2218 772 2276; x_wconf 87' lang='lat' dir='ltr'>provo-</span> 
     </span>
     <span class='ocr_line' id='line_1_25' title="bbox 93 2278 772 2356; baseline 0.003 -21"><span class='ocrx_word' id='word_1_141' title='bbox 93 2296 210 2348; x_wconf 85' lang='lat' dir='ltr'>cantes,</span> <span class='ocrx_word' id='word_1_142' title='bbox 230 2278 395 2338; x_wconf 85' lang='lat' dir='ltr'>addiderant</span> <span class='ocrx_word' id='word_1_143' title='bbox 414 2302 420 2334; x_wconf 90' lang='lat'>:</span> <span class='ocrx_word' id='word_1_144' title='bbox 440 2279 686 2356; x_wconf 74' lang='lat' dir='ltr'>regrediendumque</span> <span class='ocrx_word' id='word_1_145' title='bbox 702 2280 772 2337; x_wconf 82' lang='lat' dir='ltr'>citra</span> 
     </span>
     <span class='ocr_line' id='line_1_26' title="bbox 94 2357 773 2437; baseline 0.004 -20"><span class='ocrx_word' id='word_1_146' title='bbox 94 2359 283 2431; x_wconf 83' lang='lat' dir='ltr'>Bodotriam,</span> <span class='ocrx_word' id='word_1_147' title='bbox 309 2358 337 2420; x_wconf 62' lang='grc' dir='ltr'><strong><em>ἃ</em></strong></span> <span class='ocrx_word' id='word_1_148' title='bbox 358 2361 534 2418; x_wconf 81' lang='lat' dir='ltr'>excedendum</span> <span class='ocrx_word' id='word_1_149' title='bbox 553 2357 647 2432; x_wconf 70' lang='lat' dir='ltr'>potius</span> <span class='ocrx_word' id='word_1_150' title='bbox 657 2403 670 2428; x_wconf 85' lang='lat'>,</span> <span class='ocrx_word' id='word_1_151' title='bbox 692 2357 773 2437; x_wconf 73' lang='lat' dir='ltr'>qudm</span> 
     </span>
     <span class='ocr_line' id='line_1_27' title="bbox 91 2440 772 2522; baseline 0 -22"><span class='ocrx_word' id='word_1_152' title='bbox 91 2441 273 2515; x_wconf 78' lang='lat' dir='ltr'>pellerentur,</span> <span class='ocrx_word' id='word_1_153' title='bbox 296 2443 386 2520; x_wconf 84' lang='lat' dir='ltr'>specie</span> <span class='ocrx_word' id='word_1_154' title='bbox 408 2440 585 2518; x_wconf 81' lang='lat' dir='ltr'>prudentium</span> <span class='ocrx_word' id='word_1_155' title='bbox 606 2441 704 2522; x_wconf 84' lang='lat' dir='ltr'>ignavi</span> <span class='ocrx_word' id='word_1_156' title='bbox 719 2440 772 2502; x_wconf 84' lang='lat' dir='ltr'>ad·</span> 
     </span>
     <span class='ocr_line' id='line_1_28' title="bbox 95 2522 773 2604; baseline 0.003 -24"><span class='ocrx_word' id='word_1_157' title='bbox 95 2523 252 2588; x_wconf 85' lang='lat' dir='ltr'>monebant</span> <span class='ocrx_word' id='word_1_158' title='bbox 270 2547 277 2580; x_wconf 79' lang='lat' dir='ltr'><em>z</em></span> <span class='ocrx_word' id='word_1_159' title='bbox 293 2544 379 2602; x_wconf 89' lang='lat' dir='ltr'>quum</span> <span class='ocrx_word' id='word_1_160' title='bbox 399 2524 510 2584; x_wconf 88' lang='lat' dir='ltr'>interim</span> <span class='ocrx_word' id='word_1_161' title='bbox 525 2523 689 2604; x_wconf 84' lang='lat' dir='ltr'>cognoscit,</span> <span class='ocrx_word' id='word_1_162' title='bbox 708 2522 773 2582; x_wconf 79' lang='lat' dir='ltr'>hos-</span> 
     </span>
     <span class='ocr_line' id='line_1_29' title="bbox 94 2602 773 2682; baseline 0.001 -22"><span class='ocrx_word' id='word_1_163' title='bbox 94 2620 138 2661; x_wconf 80' lang='lat' dir='ltr'>tes</span> <span class='ocrx_word' id='word_1_164' title='bbox 156 2605 280 2677; x_wconf 74' lang='lat' dir='ltr'>pluribus</span> <span class='ocrx_word' id='word_1_165' title='bbox 300 2604 455 2682; x_wconf 79' lang='lat' dir='ltr'>agminibus·</span> <span class='ocrx_word' id='word_1_166' title='bbox 476 2606 640 2677; x_wconf 79' lang='lat' dir='ltr'>irrupturos.</span> <span class='ocrx_word' id='word_1_167' title='bbox 671 2602 713 2660; x_wconf 83' lang='lat' dir='ltr'>Ac</span> <span class='ocrx_word' id='word_1_168' title='bbox 736 2623 773 2661; x_wconf 84' lang='lat' dir='ltr'>ne</span> 
     </span>
     <span class='ocr_line' id='line_1_30' title="bbox 94 2682 772 2764; baseline -0.001 -21"><span class='ocrx_word' id='word_1_169' title='bbox 94 2704 240 2762; x_wconf 82' lang='lat' dir='ltr'>superante</span> <span class='ocrx_word' id='word_1_170' title='bbox 272 2705 413 2756; x_wconf 89' lang='lat' dir='ltr'>numero,</span> <span class='ocrx_word' id='word_1_171' title='bbox 451 2694 478 2744; x_wconf 88' lang='lat'>&amp;</span> <span class='ocrx_word' id='word_1_172' title='bbox 513 2682 610 2764; x_wconf 63' lang='lat' dir='ltr'>peritii</span> <span class='ocrx_word' id='word_1_173' title='bbox 644 2684 772 2752; x_wconf 85' lang='lat' dir='ltr'>locorum</span> 
     </span>
     <span class='ocr_line' id='line_1_31' title="bbox 94 2765 775 2846; baseline 0.003 -24"><span class='ocrx_word' id='word_1_174' title='bbox 94 2765 305 2836; x_wconf 85' lang='lat' dir='ltr'>circumiretur,</span> <span class='ocrx_word' id='word_1_175' title='bbox 322 2765 413 2827; x_wconf 85' lang='lat' dir='ltr'>diviso</span> <span class='ocrx_word' id='word_1_176' title='bbox 434 2766 547 2846; x_wconf 78' lang='lat' dir='ltr'>&amp;ipse</span> <span class='ocrx_word' id='word_1_177' title='bbox 559 2766 589 2822; x_wconf 87' lang='lat' dir='ltr'>in</span> <span class='ocrx_word' id='word_1_178' title='bbox 607 2783 661 2826; x_wconf 81' lang='lat' dir='ltr'>tres</span> <span class='ocrx_word' id='word_1_179' title='bbox 684 2783 775 2846; x_wconf 82' lang='lat' dir='ltr'>partes</span> 
     </span>
     <span class='ocr_line' id='line_1_32' title="bbox 94 2844 645 2909; baseline 0.007 -5"><span class='ocrx_word' id='word_1_180' title='bbox 94 2848 216 2908; x_wconf 85' lang='lat' dir='ltr'>exercitu</span> <span class='ocrx_word' id='word_1_181' title='bbox 231 2848 353 2909; x_wconf 83' lang='lat' dir='ltr'>incessit.</span> <span class='ocrx_word' id='word_1_182' title='bbox 587 2844 609 2906; x_wconf 86' lang='grc' dir='ltr'>Ρ</span> <span class='ocrx_word' id='word_1_183' title='bbox 625 2865 645 2908; x_wconf 78' lang='lat' dir='ltr'>r.</span> 
     </span>
    </p>
   </div>
   <div class='ocr_carea' id='block_1_3' title="bbox 0 0 1007 3684">
    <p class='ocr_par' dir='ltr' id='par_1_3' title="bbox 0 0 1007 3684">
     <span class='ocr_line' id='line_1_33' title="bbox 0 0 1007 3684; baseline 0 0"><span class='ocrx_word' id='word_1_184' title='bbox 0 0 1007 3684; x_wconf 95' lang='lat' dir='ltr'> </span> 
     </span>
    </p>
   </div>
  </div>
 </body>
</html>
