2000 3684
187 298 438 370 AunArrnrr
461 297 547 368 ω.
571 300 656 370 XII.
722 323 770 389 79

83 421 230 504 regentis,
263 416 413 500 postquam
452 439 646 492 terruerant,
679 435 771 501 pauco

83 505 294 576 repetundarum
323 501 463 570 crimina,
493 499 614 562 cetenim
647 505 771 582 magicae

82 582 295 665 superstitiones
321 581 492 661 objedlabat.
514 582 577 644 Nec
599 583 647 642 ille
667 582 773 646 diutius

80 663 193 728 fulsum
221 681 438 735 accusatorem,
462 662 651 747 indignosque
676 666 773 730 sordes

82 765 251 827 perpessus,
270 746 330 804 vim
347 747 410 806 vitre
428 766 482 807 suae
496 746 610 817 attulit,
624 763 690 808 aute
700 767 770 809 seo·

82 830 208 887 tentiam
233 823 351 886 senatis.
375 825 543 908 Tarquitius
568 846 665 888 tamen
695 827 772 892 cutid

80 912 201 970 eradius
224 905 263 965 est
286 907 389 988 :quod
412 926 502 988 patres
523 907 594 968 odio
617 908 771 982 delatoris,

83 1010 188 1050 contra
199 988 339 1050 ambitum
354 989 520 1073 Agrippino
531 991 679 1069 pervicere.

127 1071 195 1131 LX.
220 1069 331 1130 Eodem
363 1091 440 1132 anno
467 1072 568 1150 sapius
594 1071 691 1136 audita
709 1091 773 1134 ‘vox

88 1154 247 1235 principis,
268 1175 364 1227 parem
387 1153 447 1212 vim
476 1173 565 1212 rerum
582 1153 773 1216 mudena

82 1233 310 1312 procuratoribus
325 1236 386 1292 suis
395 1234 586 1315 judicatorum
593 1279 606 1306 ,
621 1258 655 1297 oc
667 1235 696 1296 ri
713 1235 772 1310 ipre

79 1318 229 1398 statuisset
245 1339 255 1372 .-
271 1336 304 1374 ac
319 1336 354 1376 ue
370 1311 489 1376 fortuitd
502 1315 645 1396 prolapsus
656 1315 770 1377 videre·

87 1417 153 1469 tur,
185 1395 297 1460 senariis
332 1417 445 1476 quoque
475 1397 605 1458 consulto
634 1416 773 1469 cautum,

88 1476 200 1560 plenitis
215 1474 303 1558 quim
323 1497 405 1538 antea
420 1487 448 1538 de
461 1475 580 1538 uberius
596 1477 677 1540 Nam
690 1477 773 1540 divus

87 1557 263 1643 Augustus,
295 1563 367 1634 apud
390 1562 516 1640 equestres
536 1603 550 1629 ,
573 1560 621 1635 qui
650 1563 775 1638 AEgypro

85 1643 287 1716 pranderent,
312 1642 368 1719 lege
392 1641 439 1720 ogi
455 1687 467 1710 ,
494 1642 649 1716 decretoque
682 1663 774 1700 eorum

87 1725 204 1799 perinde
232 1722 326 1780 lzalcri
348 1726 481 1798 jusserat,
503 1744 535 1780 ac
554 1722 583 1780 si
600 1721 773 1803 magistrotur

90 1803 215 1865 Romani
232 1803 431 1883 constituissent
450 1827 460 1860 :
481 1823 551 1863 mox
565 1802 635 1864 alias
650 1822 697 1884 pet
712 1824 775 1884 pto·

91 1887 219 1954 vincias,
235 1892 263 1943 &
276 1886 306 1944 in
322 1885 389 1942 urbe
402 1884 534 1964 pleraque
546 1903 678 1946 concessa
692 1906 775 1958 suut,

96 1989 158 2048 quae
174 1967 247 2024 olim
261 1987 279 2024 a
295 1965 456 2044 pretoribus
471 1965 668 2027 noscebantur.
683 1966 775 2029 Clau.-

93 2049 155 2108 dius
180 2067 268 2106 omne
296 2052 339 2126 jus
367 2045 500 2117 tradidit,
531 2045 566 2106 de
591 2068 650 2128 quo
670 2050 773 2111 totiens

93 2130 233 2190 seditione
249 2145 298 2188 aut
316 2129 400 2188 armis
418 2146 570 2199 certatum,
586 2149 674 2209 quum
692 2129 775 2190 Sem·
854 2145 859 2152 ’

91 2213 200 2292 proniis
216 2209 413 2292 rogationibus
433 2205 556 2290 equester
570 2209 642 2270 ordo
656 2211 686 2268 in
702 2232 773 2289 pos·

94 2295 217 2354 sessione
238 2290 408 2370 judiciorum
428 2292 586 2360 locaretur3
604 2308 653 2350 aut
667 2311 775 2353 tursum

93 2375 218 2436 Serviliae
240 2373 315 2456 leges
340 2375 446 2440 senatui
470 2371 575 2452 judicia
596 2370 744 2432 redderent
767 2397 776 2431 ι

93 2458 307 2536 Mariusque&
326 2454 403 2516 Sulla
420 2455 491 2514 olim
512 2452 548 2514 de
567 2475 602 2514 eo
621 2455 669 2516 vel
683 2457 778 2534 praeci-

93 2539 147 2620 pud
174 2537 322 2614 bellarent.
347 2536 403 2596 Sed
425 2555 490 2599 tuuc
514 2535 647 2596 ordinum
668 2535 778 2597 diversa

90 2621 183 2692 vlludia
200 2644 206 2676 ι
222 2627 251 2683 δι
266 2640 328 2700 quae
344 2619 486 2689 vicerant,
506 2618 618 2697 publicd
633 2617 776 2680 valebant.

95 2703 130 2763 C.
144 2703 260 2782 Oppius
277 2709 304 2760 &
323 2699 472 2761 Cornelius
484 2699 590 2759 Balbus
606 2701 691 2780 primi
704 2699 776 2761 Cae-

93 2787 161 2853 saris
182 2781 288 2867 opibus
312 2799 428 2864 potuere
452 2780 629 2873 conditiones
650 2783 727 2866 pasis
749 2791 778 2842 δι

520 2861 617 2925 Drv.

528 2931 538 2941 ι
