2000 3684
243 365 501 432 'Auuurrrru
526 367 665 430 Nom.
734 385 790 447 4¹3

152 487 180 530 ι.
198 476 306 530 Occursu
319 477 502 528 lenunculorum.
517 478 674 530 Lenunculur
688 476 796 544 piscato·

108 568 153 606 ‚nu
171 569 249 604 nutu.

151 623 199 677 vl.
219 642 241 676 ι.
259 623 345 673 Solum
361 620 500 675 insidiarum
517 625 639 674 remedium
649 641 708 675 erre.
719 622 796 674 Addit

112 711 131 746 e
142 713 188 748 suo
199 699 286 750 todire
297 697 515 765 Ryekiuspururr'r
525 697 611 763 :quod
622 696 689 750 redii
700 698 797 765 impro-

110 772 156 823 bat
169 771 192 824 J.
203 771 359 824 Gronovius.
403 791 408 820 ς

152 859 179 894 2.
189 843 220 893 Id
231 859 323 894 tuntum
338 861 386 894 non
400 861 443 911 per
458 845 647 894 simulationem.
659 845 739 896 Notat
748 843 795 897 Er·

111 917 194 971 netur
212 920 301 970 abesse
316 935 366 969 non
380 921 412 969 ab
428 919 541 968 editione
552 917 646 985 prime.
662 919 728 986 quod
743 935 796 970 non

111 993 291 1057 spernendum.

151 1065 212 1116 Vll.
235 1078 259 1118 1.
276 1064 337 1115 Nisi
350 1065 408 1130 quid
424 1064 514 1116 Burnus
530 1063 553 1114 δ’
568 1063 657 1116 Seneca
675 1063 796 1134 expergis-

112 1153 229 1188 cerentur.
244 1137 283 1190 ltu
297 1139 366 1188 dedit
381 1138 534 1189 Puteolanus
551 1153 566 1188 e
580 1139 687 1206 vestigiis
702 1139 796 1192 codicis

112 1213 134 1266 f
138 1213 182 1263 lor.
200 1213 226 1263 in
239 1229 287 1278 quo
304 1211 423 1263 scribitur
439 1229 572 1280 expergerer.
588 1213 698 1280 Ryckius
716 1228 731 1263 e
747 1227 795 1262 suo

115 1286 202 1334 codice
220 1287 303 1335 maluit
320 1302 476 1351 expromerent
493 1303 502 1335 .·
520 1286 561 1335 elii
576 1288 717 1352 expedirent.
728 1285 796 1336 lnftd

113 1359 237 1425 vulgarum
253 1359 402 1420 lettionenr,
413 1377 443 1408 ue
458 1361 482 1407 ri
497 1363 636 1422 trituretur,
647 1358 737 1412 meriti>
748 1359 796 1408 irn-

112 1434 204 1497 ptobut
221 1433 424 1494 Freinshemius,
442 1435 593 1498 reponitque
613 1449 642 1480 ue
653 1435 797 1490 sciscitari,

110 1506 181 1570 quod
193 1521 207 1554 e
220 1505 307 1554 codice
317 1521 364 1555 suo
374 1507 472 1569 recepit
481 1505 601 1572 Ryclrius.
616 1503 693 1554 Certe
704 1505 797 1554 Burrus

108 1575 339 1643 interrogationem
350 1577 466 1638 Seneeae,
479 1579 519 1628 eui
533 1577 690 1642 respondet,
705 1593 738 1628 ex
752 1579 797 1627 ob·

111 1664 169 1702 tutu
179 1653 237 1702 solo
248 1651 389 1717 intelligere
401 1667 452 1700 non
463 1649 563 1717 potuit,
580 1649 696 1718 quidquid
707 1653 796 1702 contri

110 1725 180 1776 dicat
196 1723 220 1777 J.
238 1721 394 1776 Gronovius.

150 1813 178 1852 2.
190 1796 278 1848 Poscit
286 1815 401 1849 surorum
414 1796 518 1848 sceleris,
530 1794 664 1848 Scelerist
679 1811 707 1848 re
719 1813 796 1850 erco-

113 1873 184 1942 gitati
198 1873 383 1922 exsecutionem
395 1872 443 1924 sibi
453 1872 495 1920 uni
507 1871 629 1938 deposcit.

107 1984 111 1992 .
151 1945 222 1997 Vltl·
240 1963 264 1997 r.
280 1944 386 1995 Moliurn
401 1941 513 2008 otientur.
528 1943 576 1994 Pro
590 1935 666 1998 mitur
677 1943 795 2009 otjrttus,

112 2020 144 2070 de
156 2021 243 2085 quibus
255 2019 397 2076 Horatius,
414 2017 539 2070 Contraria
547 2019 625 2084 pitres
634 2035 725 2085 equora
739 2035 795 2070 sen·

110 2095 178 2146 tiunr
198 2093 273 2146 Iailr'r
288 2097 318 2142 in,
331 2093 408 2143 airum
426 2090 537 2142 molibus.
560 2135 563 2142 r

152 2183 177 2216 ².
194 2167 275 2215 Alium
286 2166 337 2231 fere
354 2166 435 2216 littore
445 2163 537 2228 faciem
554 2164 796 2222 nune,·rolitudr'nem

114 2237 161 2289 bc.
179 2241 261 2291 Locus
284 2241 449 2306 deploratus,
466 2254 513 2288 nec
531 2238 662 2304 quidquam
682 2237 707 2286 in
728 2236 796 2286 Flor.

112 2313 233 2374 subsidii,
246 2313 272 2361 in
290 2329 338 2378 quo
355 2311 472 2362 scribitur
492 2312 567 2360 aliurn
583 2310 638 2375 fore
656 2311 739 2360 lateret
748 2309 795 2375 sa-

112 2389 184 2439 tiem.
199 2381 311 2436 Ernessus
332 2386 434 2451 conjicit
448 2385 524 2434 aliurn
536 2383 605 2450 fores
619 2398 674 2433 unte
686 2382 797 2449 firrierr:

112 2461 184 2511 modo
203 2459 373 2520 solitudinem,
395 2476 457 2509 nunc
472 2461 608 2524 repentinos
621 2455 739 2523 strepitus.

110 2561 117 2588 ¹.
151 2533 196 2584 lx.
215 2549 237 2585 1.
254 2534 383 2584 Courirale'
400 2531 467 2582 ledo.
484 2532 513 2581 ln
534 2549 583 2599 quo
602 2545 701 2584 coenent
722 2545 797 2582 recu·

110 2610 177 2669 but,
195 2621 246 2659 non
264 2607 371 2658 funebri.
400 2638 403 2645 ·

109 2717 114 2727 .
150 2682 184 2731 X·
202 2693 227 2733 1.
244 2676 350 2731 Diversa
360 2679 522 2730 simulatione.
539 2679 572 2728 Hi
588 2678 652 2728 enim
671 2675 797 2748 letitiam,

110 2753 168 2822 ipse
189 2755 325 2809 moeflitiern
340 2752 458 2821 fingebat.

149 2827 196 2881 xl.
216 2841 242 2885 ι.
261 2825 359 2893 inferre
378 2826 464 2882 militi.
484 2826 522 2878 ita
539 2826 607 2878 dedit
627 2823 742 2878 Erneiius
762 2839 795 2875 ex

600 2903 615 2954 S
638 2898 668 2976 iij
