2000 3684
201 291 451 362 Annnrrnn
475 291 561 358 lin
586 289 650 358 XI.
734 313 776 378 ¹7

58 485 65 494 ,
99 429 167 472 esse.
194 411 235 470 At
259 411 389 472 Corbulo
409 411 584 490 provinciam
608 411 777 491 ingressus,

20 557 23 562 ,
97 513 207 573 magna
223 513 288 552 cum
298 514 380 563 cura,
395 502 422 552 δι
436 513 504 550 mox
519 492 627 574 gloria,
642 494 688 550 cui
701 494 779 571 prin·

98 576 127 631 ci
149 576 209 632 ium
238 573 286 632 illa
315 573 417 633 militia
444 571 522 641 fuir,
547 574 672 632 triremes
694 574 778 632 alveo

99 595 218 725 Rleni,
242 673 343 714 ceteras
368 653 504 724 navium,
525 673 556 712 ut
581 675 698 736 quaeque
725 651 778 714 lra-

98 736 171 794 biles
182 781 190 806 ,
201 755 259 814 ,ρετ
277 735 399 796 aestuaria
420 746 447 796 δι
469 735 561 795 fossas
577 736 696 818 adegit:
715 737 777 795 lin-

98 817 246 897 tribusque
267 814 389 876 hostiurn
408 817 564 897 depressis,
585 817 779 878 &exturbato

100 897 257 958 Gannasco
272 945 283 968 ,
298 899 347 958 ubi
366 899 512 979 prasentia
530 900 597 956 satis
619 899 779 976 composita

102 999 188 1050 sunt,
208 980 334 1060 legiones
352 1001 469 1060 operum
488 988 516 1039 &
527 979 633 1037 laboris
645 980 779 1060 ignaras,

100 1061 331 1140 populationibus
348 1063 491 1130 letantes,
511 1079 632 1119 veterent
653 1059 690 1118 ad
708 1081 778 1118 mo-

99 1162 162 1200 rem
182 1141 311 1213 reduxit3
332 1163 367 1200 ne
392 1145 455 1222 quis
477 1143 593 1224 agmine
613 1141 780 1215 decederet,

100 1244 154 1283 nec
169 1245 315 1306 pugnam,
329 1224 384 1297 nisi
396 1229 504 1302 jussus,
518 1225 601 1281 iniret
610 1247 618 1280 ε
628 1221 781 1296 stationes,

101 1306 208 1387 vigilia
223 1337 237 1375 ,·
261 1305 359 1364 diurna
385 1308 578 1386 nocturnaque
603 1306 723 1375 munia,
749 1307 780 1365 iu

101 1389 191 1446 armis
219 1388 407 1466 agitabantur.
440 1387 598 1467 Feruntque
632 1387 748 1445 militem
768 1432 781 1458 ,

100 1471 167 1545 quia
190 1469 296 1528 vallum
318 1491 371 1526 non
394 1471 548 1538 accianus,
572 1486 651 1545 atque
672 1469 779 1538 alium,

75 1583 77 1588 .
100 1551 167 1626 quia
190 1551 308 1628 pugione
346 1568 452 1608 tantum
480 1551 614 1608 acrineius
642 1549 780 1625 foderet,

101 1648 189 1688 morte
210 1633 322 1704 punitos
345 1655 354 1688 :
374 1651 436 1711 quae
456 1632 570 1698 nimia,
591 1639 618 1689 δι
644 1631 781 1700 incertum

99 1733 140 1770 an
164 1707 239 1770 falsi)
262 1715 357 1788 india,
383 1712 524 1795 originem
547 1729 643 1769 tamen
662 1731 677 1768 e
697 1731 781 1769 seve·

101 1795 186 1854 ritate
207 1791 285 1850 ducis
304 1811 407 1852 traxere
427 1817 433 1850 r
453 1795 689 1872 intentumque&
702 1813 783 1875 mag·

99 1877 145 1934 nis
175 1871 285 1933 deliciis
305 1874 508 1933 inexorabilem
529 1875 623 1945 scias,
644 1875 691 1932 tui
712 1893 779 1932 tan·

100 1975 164 2015 turn
188 1956 346 2036 asperitatis
362 1957 448 2015 etiarn
471 1954 602 2016 adversus
623 1956 697 2016 levia
717 1975 780 2016 tre·

102 2037 229 2098 debatur.
283 2085 285 2088 .

141 2118 225 2178 XIX.
248 2117 382 2178 Cetenirn
404 2119 427 2177 is
445 2137 534 2178 terror
550 2118 655 2177 milites
677 2115 784 2179 hostes-

106 2221 162 2281 que
193 2201 222 2260 in
242 2199 383 2259 diversum
409 2199 515 2260 adfecit
541 2222 548 2256 ι
574 2221 627 2258 nos
652 2201 784 2258 virtutem
823 2271 827 2281 Ι

104 2283 236 2340 auximus
261 2304 267 2337 r
289 2281 401 2340 barbari
423 2279 560 2339 ferociam
579 2279 725 2362 infregere.
746 2281 786 2340 Et

103 2364 186 2422 natio
210 2362 364 2420 Frisiorum
391 2359 452 2441 post
474 2361 679 2430 rebellionem,
706 2362 785 2420 clade

40 2490 44 2498 ,
104 2443 137 2504 L.
166 2443 292 2522 Apronii
319 2463 460 2520 coeptam,
484 2442 612 2513 infensa,
635 2461 683 2501 aut
709 2443 786 2502 male

105 2523 181 2594 lida,
205 2523 279 2582 datis
293 2521 460 2593 obsidibus,
476 2523 603 2583 consedit
614 2523 688 2603 apud
702 2545 786 2607 agros

107 2629 125 2666 a
150 2604 322 2666 Corbulone
344 2603 506 2684 descriptos.
533 2604 613 2663 Idem
637 2625 785 2677 senatum,

81 2741 83 2744 .
108 2682 309 2769 magistratus,
327 2686 404 2768 leges
426 2687 561 2766 imposuit
582 2710 588 2744 z
606 2709 638 2746 ac
659 2709 695 2746 ne
712 2693 786 2766 jussa

109 2786 277 2857 exsueteutd,
294 2767 454 2848 presidium
473 2770 637 2831 irnmunivit
648 2791 659 2843 3
672 2771 787 2840 missis,
