2000 3684
160 309 410 384 Annnnvn
433 313 518 382 ltu.
543 312 645 384 m.
673 315 746 382 261'

56 443 207 496 venenum
237 432 422 495 credideriut,
457 433 588 516 quamvis
626 431 746 514 quidam

58 518 211 597 scriptores
232 515 363 585 tradant,
386 513 455 577 odio
476 517 589 598 tnagis,
606 511 692 596 quim
711 531 747 572 ex
775 561 778 568 .

61 595 122 660 fide
146 620 153 654 t
170 597 275 678 quippe
290 595 444 656 liberorum
463 598 595 675 cupiens,
609 603 637 655 dt
654 593 748 655 amoti

61 679 161 746 uxoris
188 678 330 738 obnoxius
363 695 429 738 etat.
461 676 575 757 Corpus
603 697 661 736 non
685 675 749 758 igni

61 758 233 830 abolitum,
257 777 288 818 ut
306 757 455 818 Romanus
478 777 562 828 mos3
583 755 631 816 sed
649 775 749 840 tegunt

64 859 246 902 externorum
269 839 489 910 cousuetudine,
513 835 655 899 differtum
676 837 751 896 odo·

64 921 145 982 tibus
169 919 300 980 conditus
317 965 327 992 ‚
347 921 514 1001 tumuloque
538 920 677 980 Juiiotum
704 920 751 977 in·

66 1001 166 1066 fertur.
195 1002 295 1062 Ducis
321 1019 418 1061 tamen
445 1001 565 1081 pubiicae
589 1000 752 1082 exsequias,

67 1081 255 1164 laudavitque
272 1084 331 1162 ipse
348 1081 423 1162 apud
439 1079 525 1141 tostta
535 1084 658 1161 fhrmnm
675 1082 754 1164 ejus,

71 1161 185 1241 &qudd
195 1164 297 1224 divina
313 1163 433 1242 infamis
440 1185 541 1238 parens
550 1164 673 1240 fuisset,
686 1162 756 1222 alia-

69 1264 129 1328 que
143 1241 262 1304 fortune
276 1263 392 1303 munera
404 1263 455 1323 pto
468 1244 625 1304 virtutibus.

115 1324 186 1384 VII.
208 1325 335 1384 Mortem
357 1323 498 1406 Poppaeae,
524 1343 555 1385 ut
578 1325 673 1406 palam
696 1325 756 1384 tris·

72 1425 155 1476 tem,
178 1407 218 1465 ita
237 1405 446 1466 recordantibus
468 1406 583 1480 lutam,
603 1406 644 1465 ob
665 1407 758 1486 inpu-

72 1487 206 1548 dicitiam
239 1490 297 1564 ejus
326 1488 460 1548 saevitiatn
483 1507 535 1557 ue,
567 1485 643 1546 novi
674 1487 756 1545 insu·

74 1589 127 1650 per
154 1564 262 1626 invidia
286 1567 365 1627 Nero
387 1507 560 1647 comtiievit,
580 1565 758 1647 prohibendo

76 1648 117 1716 ,C.
145 1647 279 1710 Cassium
307 1647 402 1708 officio
428 1649 620 1729 exsequiarum
649 1670 656 1706 t
681 1645 760 1729 quod

76 1732 204 1812 primunt
222 1729 358 1788 iudicium
378 1729 467 1800 mali,
486 1749 576 1810 neque
594 1731 624 1788 in
640 1729 760 1812 longum

78 1811 203 1872 dilatum
231 1808 278 1870 est.
304 1809 359 1872 Sed
384 1810 495 1871 Silanus
522 1810 633 1870 additur
652 1833 660 1870 t
682 1811 762 1870 nullo

83 1893 224 1963 crimine,
245 1893 298 1952 nisi
317 1889 529 1974 quddCassius
548 1892 650 1972 opibus
672 1911 764 1954 vetus·

80 1976 140 2046 tis,
160 1981 187 2034 δι
207 1975 343 2056 gravitate
364 1993 499 2046 snorum,
523 1973 635 2035 Silanus
652 1974 763 2034 claritu-

78 2056 150 2116 dine
163 2057 291 2138 generis,
311 2061 338 2116 δι
359 2053 483 2114 modesti
499 2055 614 2134 juventi
624 2055 766 2136 precelle-

83 2137 162 2198 bant.
188 2135 278 2218 igitur
299 2133 383 2199 nissi
410 2135 447 2196 ad
467 2153 594 2195 senatum
614 2138 767 2210 oratione,

85 2220 262 2280 removendos
276 2239 294 2275 a
309 2218 396 2292 repub.
411 2236 536 2294 utrosque
546 2217 672 2276 disseruit
685 2239 692 2277 t
704 2217 765 2275 ob·

84 2299 256 2380 jestavitque
267 2297 385 2370 Cassio,
399 2299 472 2376 qudd
481 2300 554 2356 inter
563 2299 696 2376 imgines
708 2319 767 2358 ma·

78 2382 196 2462 joram,
218 2379 302 2438 etiam
325 2382 354 2439 C.
379 2381 473 2439 Cassii
490 2377 601 2458 effigiem
621 2381 766 2456 coluisset,

86 2463 129 2530 ita
139 2461 302 2534 inscriptam
316 2480 418 2520 suunt
434 2479 596 2521 esuriunt.
610 2461 718 2541 Quippe
724 2485 767 2522 se·

87 2543 168 2602 mina
189 2539 255 2600 belli
273 2541 390 2612 civilis,
408 2537 435 2602 d*
457 2542 628 2620 dsftiiionem
649 2565 666 2602 a
689 2547 768 2604 domo

90 2625 228 2686 casarum
241 2623 389 2699 quesitam.
408 2621 453 2682 Ac
471 2645 504 2682 ne
522 2624 651 2682 mentorid
663 2641 770 2686 tantum

87 2704 195 2783 infimi
210 2703 330 2764 nontinis
346 2705 384 2762 ad
397 2704 550 2764 discordias
569 2721 704 2776 uteretur,
722 2709 769 2768 ad-

86 2785 241 2862 sumpsisse
269 2783 305 2847 L.
335 2781 492 2858 Silanun,
513 2786 646 2868 juvenen
674 2796 769 2870 gestetis
