<?xml version="1.0" encoding="UTF-8"?>
<!DOCTYPE html PUBLIC "-//W3C//DTD XHTML 1.0 Transitional//EN"
    "http://www.w3.org/TR/xhtml1/DTD/xhtml1-transitional.dtd">
<html xmlns="http://www.w3.org/1999/xhtml" xml:lang="en" lang="en">
 <head>
  <title>
</title>
<meta http-equiv="Content-Type" content="text/html;charset=utf-8" />
  <meta name='ocr-system' content='tesseract 3.04.00' />
  <meta name='ocr-capabilities' content='ocr_page ocr_carea ocr_par ocr_line ocrx_word'/>
</head>
<body>
  <div class='ocr_page' id='page_1' title='image "./ccorneliitaciti01lallgoog_0064.png"; bbox 0 0 2000 3684; ppageno 0'>
   <div class='ocr_carea' id='block_1_1' title="bbox 222 303 789 400">
    <p class='ocr_par' dir='ltr' id='par_1_1' title="bbox 222 303 789 400">
     <span class='ocr_line' id='line_1_1' title="bbox 222 303 789 400; baseline -0.018 -24"><span class='ocrx_word' id='word_1_1' title='bbox 222 323 271 400; x_wconf 70' lang='lat'><em>30</em></span> <span class='ocrx_word' id='word_1_2' title='bbox 350 305 387 376; x_wconf 84' lang='lat' dir='ltr'><em>C.</em></span> <span class='ocrx_word' id='word_1_3' title='bbox 416 303 564 374; x_wconf 70' lang='lat' dir='ltr'><em>Corin.</em></span> <span class='ocrx_word' id='word_1_4' title='bbox 595 303 789 383; x_wconf 68' lang='lat' dir='ltr'><em>Taeter</em></span> 
     </span>
    </p>
   </div>
   <div class='ocr_carea' id='block_1_2' title="bbox 126 420 915 502">
    <p class='ocr_par' dir='ltr' id='par_1_2' title="bbox 126 420 915 502">
     <span class='ocr_line' id='line_1_2' title="bbox 126 420 915 502; baseline -0.004 -15"><span class='ocrx_word' id='word_1_5' title='bbox 126 436 129 442; x_wconf 82' lang='grc'>’</span> <span class='ocrx_word' id='word_1_6' title='bbox 223 427 313 486; x_wconf 86' lang='lat' dir='ltr'><em>mittit</em></span> <span class='ocrx_word' id='word_1_7' title='bbox 330 449 336 482; x_wconf 93' lang='lat'>:</span> <span class='ocrx_word' id='word_1_8' title='bbox 358 427 462 502; x_wconf 81' lang='lat' dir='ltr'><em>Populi</em></span> <span class='ocrx_word' id='word_1_9' title='bbox 472 424 594 484; x_wconf 83' lang='lat' dir='ltr'><em>Romani</em></span> <span class='ocrx_word' id='word_1_10' title='bbox 605 420 834 498; x_wconf 72' lang='lat' dir='ltr'><em>imperatoribus,</em></span> <span class='ocrx_word' id='word_1_11' title='bbox 845 431 915 484; x_wconf 81' lang='lat' dir='ltr'><em>ma·</em></span> 
     </span>
    </p>
   </div>
   <div class='ocr_carea' id='block_1_3' title="bbox 222 504 995 2876">
    <p class='ocr_par' dir='ltr' id='par_1_3' title="bbox 222 504 995 1220">
     <span class='ocr_line' id='line_1_3' title="bbox 222 504 914 588; baseline 0 -22"><span class='ocrx_word' id='word_1_12' title='bbox 222 530 388 588; x_wconf 74' lang='lat' dir='ltr'><em>gnarumque</em></span> <span class='ocrx_word' id='word_1_13' title='bbox 411 508 555 566; x_wconf 89' lang='lat' dir='ltr'><em>nationum</em></span> <span class='ocrx_word' id='word_1_14' title='bbox 581 505 713 584; x_wconf 83' lang='lat' dir='ltr'><em>regibus,</em></span> <span class='ocrx_word' id='word_1_15' title='bbox 730 504 856 578; x_wconf 84' lang='lat' dir='ltr'><em>primam</em></span> <span class='ocrx_word' id='word_1_16' title='bbox 875 530 914 566; x_wconf 74' lang='lat' dir='ltr'><em>ex</em></span> 
     </span>
     <span class='ocr_line' id='line_1_4' title="bbox 223 584 915 668; baseline -0.012 -19"><span class='ocrx_word' id='word_1_17' title='bbox 223 590 410 649; x_wconf 82' lang='lat' dir='ltr'><em>similitudine</em></span> <span class='ocrx_word' id='word_1_18' title='bbox 430 589 552 668; x_wconf 76' lang='lat' dir='ltr'><em>fhrtuna</em></span> <span class='ocrx_word' id='word_1_19' title='bbox 578 587 735 645; x_wconf 79' lang='lat' dir='ltr'><em>amicitiam</em></span> <span class='ocrx_word' id='word_1_20' title='bbox 758 609 770 645; x_wconf 80' lang='lat'><em>.·</em></span> <span class='ocrx_word' id='word_1_21' title='bbox 793 585 854 644; x_wconf 86' lang='lat' dir='ltr'><em>sibi</em></span> <span class='ocrx_word' id='word_1_22' title='bbox 884 584 915 648; x_wconf 68' lang='lat' dir='ltr'><em>{r</em></span> 
     </span>
     <span class='ocr_line' id='line_1_5' title="bbox 229 667 914 742; baseline -0.006 -10"><span class='ocrx_word' id='word_1_23' title='bbox 229 672 363 742; x_wconf 82' lang='lat' dir='ltr'><em>Claudio,</em></span> <span class='ocrx_word' id='word_1_24' title='bbox 379 671 464 730; x_wconf 89' lang='lat' dir='ltr'><em>etiam</em></span> <span class='ocrx_word' id='word_1_25' title='bbox 477 670 692 728; x_wconf 79' lang='lat' dir='ltr'><em>communionem</em></span> <span class='ocrx_word' id='word_1_26' title='bbox 703 667 828 729; x_wconf 75' lang='lat' dir='ltr'><em>villaria</em></span> <span class='ocrx_word' id='word_1_27' title='bbox 837 690 914 728; x_wconf 87' lang='lat' dir='ltr'><em>esse.</em></span> 
     </span>
     <span class='ocr_line' id='line_1_6' title="bbox 225 749 917 832; baseline -0.003 -20"><span class='ocrx_word' id='word_1_28' title='bbox 225 749 367 812; x_wconf 84' lang='lat' dir='ltr'><em>Bellorum</em></span> <span class='ocrx_word' id='word_1_29' title='bbox 377 751 574 832; x_wconf 80' lang='lat' dir='ltr'><em>egregiosfines</em></span> <span class='ocrx_word' id='word_1_30' title='bbox 585 796 597 819; x_wconf 95' lang='lat'><em>,</em></span> <span class='ocrx_word' id='word_1_31' title='bbox 612 750 737 827; x_wconf 83' lang='lat' dir='ltr'><em>quotiens</em></span> <span class='ocrx_word' id='word_1_32' title='bbox 746 749 917 827; x_wconf 82' lang='lat' dir='ltr'><em>ignoscendo</em></span> 
     </span>
     <span class='ocr_line' id='line_1_7' title="bbox 227 830 915 913; baseline 0.003 -21"><span class='ocrx_word' id='word_1_33' title='bbox 227 835 406 913; x_wconf 82' lang='lat' dir='ltr'><em>transigatur.</em></span> <span class='ocrx_word' id='word_1_34' title='bbox 421 833 470 891; x_wconf 87' lang='lat' dir='ltr'><em>Sic</em></span> <span class='ocrx_word' id='word_1_35' title='bbox 483 832 601 892; x_wconf 83' lang='lat' dir='ltr'><em>Zorsini</em></span> <span class='ocrx_word' id='word_1_36' title='bbox 613 832 687 892; x_wconf 73' lang='lat' dir='ltr'><em>villo</em></span> <span class='ocrx_word' id='word_1_37' title='bbox 695 830 774 890; x_wconf 90' lang='lat' dir='ltr'><em>nihil</em></span> <span class='ocrx_word' id='word_1_38' title='bbox 778 850 915 905; x_wconf 88' lang='lat' dir='ltr'><em>ereptum.</em></span> 
     </span>
     <span class='ocr_line' id='line_1_8' title="bbox 226 912 995 992; baseline -0.004 -17"><span class='ocrx_word' id='word_1_39' title='bbox 226 914 286 977; x_wconf 87' lang='lat' dir='ltr'><em>Pro</em></span> <span class='ocrx_word' id='word_1_40' title='bbox 298 915 488 984; x_wconf 71' lang='lat' dir='ltr'><em>Mithridate,</em></span> <span class='ocrx_word' id='word_1_41' title='bbox 507 912 736 992; x_wconf 73' lang='lat' dir='ltr'><em>quandograuiris</em></span> <span class='ocrx_word' id='word_1_42' title='bbox 747 931 918 986; x_wconf 78' lang='lat' dir='ltr'><em>mereretur,</em></span> <span class='ocrx_word' id='word_1_43' title='bbox 994 970 995 981; x_wconf 66' lang='grc'>,</span> 
     </span>
     <span class='ocr_line' id='line_1_9' title="bbox 227 995 995 1074; baseline -0.001 -19"><span class='ocrx_word' id='word_1_44' title='bbox 227 999 465 1072; x_wconf 87' lang='lat' dir='ltr'><em>nonpotentiam,</em></span> <span class='ocrx_word' id='word_1_45' title='bbox 484 1017 538 1055; x_wconf 87' lang='lat' dir='ltr'><em>non</em></span> <span class='ocrx_word' id='word_1_46' title='bbox 554 1017 664 1074; x_wconf 80' lang='lat' dir='ltr'><em>regnum</em></span> <span class='ocrx_word' id='word_1_47' title='bbox 671 995 782 1068; x_wconf 85' lang='lat' dir='ltr'><em>precari</em></span> <span class='ocrx_word' id='word_1_48' title='bbox 787 1017 802 1066; x_wconf 88' lang='lat'><em>;</em></span> <span class='ocrx_word' id='word_1_49' title='bbox 816 997 869 1058; x_wconf 84' lang='lat' dir='ltr'><em>sed</em></span> <span class='ocrx_word' id='word_1_50' title='bbox 881 1019 918 1058; x_wconf 89' lang='lat' dir='ltr'><em>ne</em></span> <span class='ocrx_word' id='word_1_51' title='bbox 994 996 995 1009; x_wconf 54' lang='lat'>¹</span> 
     </span>
     <span class='ocr_line' id='line_1_10' title="bbox 228 1075 916 1155; baseline -0.003 -17"><span class='ocrx_word' id='word_1_52' title='bbox 228 1079 464 1155; x_wconf 79' lang='lat' dir='ltr'><em>triumpharetur,</em></span> <span class='ocrx_word' id='word_1_53' title='bbox 485 1099 554 1138; x_wconf 78' lang='lat' dir='ltr'><em>neue</em></span> <span class='ocrx_word' id='word_1_54' title='bbox 577 1099 675 1152; x_wconf 85' lang='lat' dir='ltr'><em>poenas</em></span> <span class='ocrx_word' id='word_1_55' title='bbox 699 1075 789 1151; x_wconf 86' lang='lat' dir='ltr'><em>capite</em></span> <span class='ocrx_word' id='word_1_56' title='bbox 808 1097 916 1151; x_wconf 77' lang='lat' dir='ltr'><em>expen-</em></span> 
     </span>
     <span class='ocr_line' id='line_1_11' title="bbox 228 1162 311 1220; baseline -0.024 0"><span class='ocrx_word' id='word_1_57' title='bbox 228 1162 311 1220; x_wconf 79' lang='lat' dir='ltr'><em>deret.</em></span> 
     </span>
    </p>

    <p class='ocr_par' dir='ltr' id='par_1_4' title="bbox 229 1238 995 2876">
     <span class='ocr_line' id='line_1_12' title="bbox 270 1238 995 1323; baseline 0 -22"><span class='ocrx_word' id='word_1_58' title='bbox 270 1240 338 1301; x_wconf 87' lang='lat' dir='ltr'><em>XX.</em></span> <span class='ocrx_word' id='word_1_59' title='bbox 360 1239 400 1301; x_wconf 85' lang='lat' dir='ltr'><em>At</em></span> <span class='ocrx_word' id='word_1_60' title='bbox 420 1238 581 1312; x_wconf 86' lang='lat' dir='ltr'><em>Claudius,</em></span> <span class='ocrx_word' id='word_1_61' title='bbox 604 1261 782 1323; x_wconf 81' lang='lat' dir='ltr'><em>quamquam</em></span> <span class='ocrx_word' id='word_1_62' title='bbox 803 1239 918 1302; x_wconf 87' lang='lat' dir='ltr'><em>nobili·</em></span> <span class='ocrx_word' id='word_1_63' title='bbox 994 1284 995 1319; x_wconf 27' lang='grc' dir='ltr'>ᾗ</span> 
     </span>
     <span class='ocr_line' id='line_1_13' title="bbox 229 1322 995 1399; baseline 0 -15"><span class='ocrx_word' id='word_1_64' title='bbox 229 1322 337 1384; x_wconf 83' lang='lat' dir='ltr'><em>tatibus</em></span> <span class='ocrx_word' id='word_1_65' title='bbox 362 1325 482 1382; x_wconf 86' lang='lat' dir='ltr'><em>extemis</em></span> <span class='ocrx_word' id='word_1_66' title='bbox 502 1324 601 1393; x_wconf 89' lang='lat' dir='ltr'><em>mitis,</em></span> <span class='ocrx_word' id='word_1_67' title='bbox 624 1322 767 1382; x_wconf 87' lang='lat' dir='ltr'><em>dubitavit</em></span> <span class='ocrx_word' id='word_1_68' title='bbox 787 1337 917 1397; x_wconf 78' lang='lat' dir='ltr'><em>tamen,</em></span> <span class='ocrx_word' id='word_1_69' title='bbox 994 1324 995 1399; x_wconf 56' lang='grc' dir='ltr'><strong>Ῠ</strong></span> 
     </span>
     <span class='ocr_line' id='line_1_14' title="bbox 230 1405 920 1485; baseline 0.003 -21"><span class='ocrx_word' id='word_1_70' title='bbox 230 1406 357 1485; x_wconf 82' lang='lat' dir='ltr'><em>accipere</em></span> <span class='ocrx_word' id='word_1_71' title='bbox 376 1407 519 1484; x_wconf 84' lang='lat' dir='ltr'><em>captivum</em></span> <span class='ocrx_word' id='word_1_72' title='bbox 536 1407 620 1484; x_wconf 59' lang='lat' dir='ltr'><em>paucio</em></span> <span class='ocrx_word' id='word_1_73' title='bbox 636 1405 755 1472; x_wconf 86' lang='lat' dir='ltr'><em>salutis,</em></span> <span class='ocrx_word' id='word_1_74' title='bbox 778 1425 817 1464; x_wconf 84' lang='lat' dir='ltr'><em>an</em></span> <span class='ocrx_word' id='word_1_75' title='bbox 837 1425 920 1485; x_wconf 84' lang='lat' dir='ltr'><em>repe-</em></span> 
     </span>
     <span class='ocr_line' id='line_1_15' title="bbox 230 1484 995 1565; baseline 0.001 -19"><span class='ocrx_word' id='word_1_76' title='bbox 230 1505 289 1546; x_wconf 84' lang='lat' dir='ltr'><em>tere</em></span> <span class='ocrx_word' id='word_1_77' title='bbox 300 1488 385 1546; x_wconf 84' lang='lat' dir='ltr'><em>armis</em></span> <span class='ocrx_word' id='word_1_78' title='bbox 395 1488 495 1546; x_wconf 73' lang='lat' dir='ltr'><em>sestius</em></span> <span class='ocrx_word' id='word_1_79' title='bbox 517 1485 599 1546; x_wconf 80' lang='lat' dir='ltr'><em>foret.</em></span> <span class='ocrx_word' id='word_1_80' title='bbox 620 1486 699 1545; x_wconf 74' lang='lat' dir='ltr'><em>Hinc</em></span> <span class='ocrx_word' id='word_1_81' title='bbox 723 1484 807 1545; x_wconf 82' lang='lat' dir='ltr'><em>dolor</em></span> <span class='ocrx_word' id='word_1_82' title='bbox 832 1488 916 1565; x_wconf 85' lang='lat' dir='ltr'><em>inju-</em></span> <span class='ocrx_word' id='word_1_83' title='bbox 994 1504 995 1565; x_wconf 57' lang='lat' dir='ltr'><em>g</em></span> 
     </span>
     <span class='ocr_line' id='line_1_16' title="bbox 232 1566 995 1651; baseline 0.003 -23"><span class='ocrx_word' id='word_1_84' title='bbox 232 1569 359 1639; x_wconf 80' lang='lat' dir='ltr'><em>riarum,</em></span> <span class='ocrx_word' id='word_1_85' title='bbox 383 1567 523 1629; x_wconf 86' lang='lat' dir='ltr'><em>&amp;libido</em></span> <span class='ocrx_word' id='word_1_86' title='bbox 539 1566 671 1628; x_wconf 63' lang='lat' dir='ltr'><em>vindicte</em></span> <span class='ocrx_word' id='word_1_87' title='bbox 692 1566 837 1651; x_wconf 82' lang='lat' dir='ltr'><em>adigebat.</em></span> <span class='ocrx_word' id='word_1_88' title='bbox 858 1569 919 1630; x_wconf 77' lang='lat' dir='ltr'><em>Sed</em></span> <span class='ocrx_word' id='word_1_89' title='bbox 994 1626 995 1629; x_wconf 73' lang='grc'>,</span> 
     </span>
     <span class='ocr_line' id='line_1_17' title="bbox 233 1647 919 1724; baseline 0.003 -14"><span class='ocrx_word' id='word_1_90' title='bbox 233 1650 418 1711; x_wconf 81' lang='lat' dir='ltr'><em>disserebatur</em></span> <span class='ocrx_word' id='word_1_91' title='bbox 444 1647 541 1710; x_wconf 67' lang='lat' dir='ltr'><em>contr‘a</em></span> <span class='ocrx_word' id='word_1_92' title='bbox 565 1672 573 1706; x_wconf 76' lang='grc' dir='ltr'><em>τ</em></span> <span class='ocrx_word' id='word_1_93' title='bbox 593 1647 707 1724; x_wconf 85' lang='lat' dir='ltr'><em>Suscipi</em></span> <span class='ocrx_word' id='word_1_94' title='bbox 725 1649 826 1708; x_wconf 86' lang='lat' dir='ltr'><em>bellum</em></span> <span class='ocrx_word' id='word_1_95' title='bbox 847 1653 919 1712; x_wconf 82' lang='lat' dir='ltr'><em>avio</em></span> 
     </span>
     <span class='ocr_line' id='line_1_18' title="bbox 232 1730 919 1811; baseline 0.003 -21"><span class='ocrx_word' id='word_1_96' title='bbox 232 1733 354 1803; x_wconf 85' lang='lat' dir='ltr'><em>itinere,</em></span> <span class='ocrx_word' id='word_1_97' title='bbox 372 1733 539 1806; x_wconf 90' lang='lat' dir='ltr'><em>importuoso</em></span> <span class='ocrx_word' id='word_1_98' title='bbox 551 1734 623 1790; x_wconf 88' lang='lat' dir='ltr'><em>mari</em></span> <span class='ocrx_word' id='word_1_99' title='bbox 640 1756 652 1790; x_wconf 86' lang='lat'><em>.·</em></span> <span class='ocrx_word' id='word_1_100' title='bbox 671 1735 710 1790; x_wconf 85' lang='lat' dir='ltr'><em>ad</em></span> <span class='ocrx_word' id='word_1_101' title='bbox 719 1730 770 1790; x_wconf 78' lang='lat' dir='ltr'><em>leot</em></span> <span class='ocrx_word' id='word_1_102' title='bbox 785 1753 861 1811; x_wconf 78' lang='lat' dir='ltr'><em>reges</em></span> <span class='ocrx_word' id='word_1_103' title='bbox 869 1734 919 1811; x_wconf 77' lang='lat' dir='ltr'><em>fi·</em></span> 
     </span>
     <span class='ocr_line' id='line_1_19' title="bbox 234 1813 918 1894; baseline 0.003 -20"><span class='ocrx_word' id='word_1_104' title='bbox 234 1835 331 1887; x_wconf 85' lang='lat' dir='ltr'><em>roces;</em></span> <span class='ocrx_word' id='word_1_105' title='bbox 351 1835 437 1893; x_wconf 77' lang='lat' dir='ltr'><em>uagos</em></span> <span class='ocrx_word' id='word_1_106' title='bbox 443 1815 560 1889; x_wconf 88' lang='lat' dir='ltr'><em>populos</em></span> <span class='ocrx_word' id='word_1_107' title='bbox 570 1836 585 1885; x_wconf 89' lang='lat'><em>;</em></span> <span class='ocrx_word' id='word_1_108' title='bbox 596 1814 686 1872; x_wconf 89' lang='lat' dir='ltr'><em>salum</em></span> <span class='ocrx_word' id='word_1_109' title='bbox 690 1813 804 1892; x_wconf 81' lang='lat' dir='ltr'><em>frugum</em></span> <span class='ocrx_word' id='word_1_110' title='bbox 812 1837 918 1894; x_wconf 79' lang='lat' dir='ltr'><em>egens:</em></span> 
     </span>
     <span class='ocr_line' id='line_1_20' title="bbox 235 1897 920 1972; baseline 0.004 -18"><span class='ocrx_word' id='word_1_111' title='bbox 235 1913 294 1954; x_wconf 85' lang='lat' dir='ltr'><em>tum</em></span> <span class='ocrx_word' id='word_1_112' title='bbox 315 1897 424 1955; x_wconf 86' lang='lat' dir='ltr'><em>totdium</em></span> <span class='ocrx_word' id='word_1_113' title='bbox 448 1918 482 1954; x_wconf 86' lang='lat' dir='ltr'><em>ex</em></span> <span class='ocrx_word' id='word_1_114' title='bbox 508 1916 606 1965; x_wconf 88' lang='lat' dir='ltr'><em>mora,</em></span> <span class='ocrx_word' id='word_1_115' title='bbox 622 1897 749 1970; x_wconf 87' lang='lat' dir='ltr'><em>pericula</em></span> <span class='ocrx_word' id='word_1_116' title='bbox 768 1918 804 1954; x_wconf 79' lang='lat' dir='ltr'><em>ex</em></span> <span class='ocrx_word' id='word_1_117' title='bbox 817 1919 920 1972; x_wconf 83' lang='lat' dir='ltr'><em>prope-</em></span> 
     </span>
     <span class='ocr_line' id='line_1_21' title="bbox 237 1976 921 2054; baseline 0.006 -18"><span class='ocrx_word' id='word_1_118' title='bbox 237 1979 360 2048; x_wconf 88' lang='lat' dir='ltr'><em>rantia,</em></span> <span class='ocrx_word' id='word_1_119' title='bbox 386 1979 520 2036; x_wconf 85' lang='lat' dir='ltr'><em>modicam</em></span> <span class='ocrx_word' id='word_1_120' title='bbox 543 1976 693 2038; x_wconf 70' lang='lat' dir='ltr'><em>vilioribus</em></span> <span class='ocrx_word' id='word_1_121' title='bbox 721 1978 830 2054; x_wconf 82' lang='lat' dir='ltr'><em>laudern</em></span> <span class='ocrx_word' id='word_1_122' title='bbox 846 2025 859 2050; x_wconf 89' lang='lat'><em>,</em></span> <span class='ocrx_word' id='word_1_123' title='bbox 885 2002 921 2040; x_wconf 83' lang='lat' dir='ltr'><em>ae</em></span> 
     </span>
     <span class='ocr_line' id='line_1_22' title="bbox 234 2058 920 2137; baseline 0.003 -19"><span class='ocrx_word' id='word_1_124' title='bbox 234 2059 350 2118; x_wconf 86' lang='lat' dir='ltr'><em>multum</em></span> <span class='ocrx_word' id='word_1_125' title='bbox 367 2058 511 2136; x_wconf 75' lang='lat' dir='ltr'><em>infirmia,</em></span> <span class='ocrx_word' id='word_1_126' title='bbox 529 2059 557 2118; x_wconf 88' lang='lat' dir='ltr'><em>si</em></span> <span class='ocrx_word' id='word_1_127' title='bbox 567 2059 760 2133; x_wconf 85' lang='lat' dir='ltr'><em>pellerentur:</em></span> <span class='ocrx_word' id='word_1_128' title='bbox 782 2060 850 2137; x_wconf 87' lang='lat' dir='ltr'><em>quin</em></span> <span class='ocrx_word' id='word_1_129' title='bbox 869 2085 920 2120; x_wconf 90' lang='lat' dir='ltr'><em>ar.-</em></span> 
     </span>
     <span class='ocr_line' id='line_1_23' title="bbox 237 2137 922 2214; baseline 0.003 -15"><span class='ocrx_word' id='word_1_130' title='bbox 237 2141 336 2214; x_wconf 87' lang='lat' dir='ltr'><em>riperet</em></span> <span class='ocrx_word' id='word_1_131' title='bbox 364 2141 478 2211; x_wconf 83' lang='lat' dir='ltr'><em>oblata,</em></span> <span class='ocrx_word' id='word_1_132' title='bbox 501 2137 529 2200; x_wconf 64' lang='lat' dir='ltr'><em>lt</em></span> <span class='ocrx_word' id='word_1_133' title='bbox 551 2158 676 2201; x_wconf 80' lang='lat' dir='ltr'><em>servaret</em></span> <span class='ocrx_word' id='word_1_134' title='bbox 701 2142 852 2201; x_wconf 82' lang='lat' dir='ltr'><em>exsulem:</em></span> <span class='ocrx_word' id='word_1_135' title='bbox 871 2146 922 2202; x_wconf 88' lang='lat' dir='ltr'><em>cui</em></span> 
     </span>
     <span class='ocr_line' id='line_1_24' title="bbox 234 2223 921 2300; baseline 0.007 -20"><span class='ocrx_word' id='word_1_136' title='bbox 234 2223 316 2297; x_wconf 84' lang='lat' dir='ltr'><em>inopi</em></span> <span class='ocrx_word' id='word_1_137' title='bbox 335 2223 435 2300; x_wconf 70' lang='lat' dir='ltr'><em>quanti</em></span> <span class='ocrx_word' id='word_1_138' title='bbox 455 2224 604 2300; x_wconf 78' lang='lat' dir='ltr'><em>longiorem</em></span> <span class='ocrx_word' id='word_1_139' title='bbox 624 2223 735 2294; x_wconf 83' lang='lat' dir='ltr'><em>vitam,</em></span> <span class='ocrx_word' id='word_1_140' title='bbox 755 2223 834 2282; x_wconf 74' lang='lat' dir='ltr'><em>tante)</em></span> <span class='ocrx_word' id='word_1_141' title='bbox 851 2225 921 2298; x_wconf 87' lang='lat' dir='ltr'><em>plus</em></span> 
     </span>
     <span class='ocr_line' id='line_1_25' title="bbox 238 2304 924 2385; baseline 0.004 -21"><span class='ocrx_word' id='word_1_142' title='bbox 238 2306 369 2381; x_wconf 84' lang='lat' dir='ltr'><em>supplicii</em></span> <span class='ocrx_word' id='word_1_143' title='bbox 378 2305 451 2384; x_wconf 89' lang='lat' dir='ltr'><em>fore.</em></span> <span class='ocrx_word' id='word_1_144' title='bbox 474 2304 530 2364; x_wconf 88' lang='lat' dir='ltr'><em>His</em></span> <span class='ocrx_word' id='word_1_145' title='bbox 551 2323 712 2383; x_wconf 84' lang='lat' dir='ltr'><em>permotus,</em></span> <span class='ocrx_word' id='word_1_146' title='bbox 729 2305 836 2385; x_wconf 82' lang='lat' dir='ltr'><em>scripsit</em></span> <span class='ocrx_word' id='word_1_147' title='bbox 857 2305 924 2366; x_wconf 85' lang='lat' dir='ltr'><em>Eu·</em></span> 
     </span>
     <span class='ocr_line' id='line_1_26' title="bbox 238 2386 923 2464; baseline 0.003 -18"><span class='ocrx_word' id='word_1_148' title='bbox 238 2390 327 2458; x_wconf 86' lang='lat' dir='ltr'><em>noni,</em></span> <span class='ocrx_word' id='word_1_149' title='bbox 346 2388 471 2446; x_wconf 88' lang='lat' dir='ltr'><em>meritum</em></span> <span class='ocrx_word' id='word_1_150' title='bbox 491 2387 598 2462; x_wconf 83' lang='lat' dir='ltr'><em>quidem</em></span> <span class='ocrx_word' id='word_1_151' title='bbox 615 2386 772 2448; x_wconf 78' lang='lat' dir='ltr'><em>nouissima</em></span> <span class='ocrx_word' id='word_1_152' title='bbox 793 2391 923 2464; x_wconf 82' lang='lat' dir='ltr'><em>exempla</em></span> 
     </span>
     <span class='ocr_line' id='line_1_27' title="bbox 237 2467 923 2546; baseline 0.007 -20"><span class='ocrx_word' id='word_1_153' title='bbox 237 2468 451 2539; x_wconf 80' lang='lat' dir='ltr'><em>Mithridaten,</em></span> <span class='ocrx_word' id='word_1_154' title='bbox 470 2491 518 2526; x_wconf 88' lang='lat' dir='ltr'><em>nec</em></span> <span class='ocrx_word' id='word_1_155' title='bbox 533 2467 591 2526; x_wconf 87' lang='lat' dir='ltr'><em>sibi</em></span> <span class='ocrx_word' id='word_1_156' title='bbox 603 2470 663 2528; x_wconf 78' lang='lat' dir='ltr'><em>vim</em></span> <span class='ocrx_word' id='word_1_157' title='bbox 673 2471 712 2527; x_wconf 89' lang='lat' dir='ltr'><em>ad</em></span> <span class='ocrx_word' id='word_1_158' title='bbox 722 2473 923 2546; x_wconf 77' lang='lat' dir='ltr'><em>exsequendum</em></span> 
     </span>
     <span class='ocr_line' id='line_1_28' title="bbox 236 2549 921 2631; baseline 0.006 -23"><span class='ocrx_word' id='word_1_159' title='bbox 236 2554 330 2610; x_wconf 85' lang='lat' dir='ltr'><em>deesse</em></span> <span class='ocrx_word' id='word_1_160' title='bbox 355 2574 365 2609; x_wconf 92' lang='lat'><em>.·</em></span> <span class='ocrx_word' id='word_1_161' title='bbox 384 2550 478 2610; x_wconf 68' lang='lat' dir='ltr'><em>verim</em></span> <span class='ocrx_word' id='word_1_162' title='bbox 507 2550 549 2608; x_wconf 91' lang='lat' dir='ltr'><em>ita</em></span> <span class='ocrx_word' id='word_1_163' title='bbox 575 2549 724 2631; x_wconf 78' lang='lat' dir='ltr'><em>majoribus</em></span> <span class='ocrx_word' id='word_1_164' title='bbox 747 2551 889 2625; x_wconf 89' lang='lat' dir='ltr'><em>placitum</em></span> <span class='ocrx_word' id='word_1_165' title='bbox 908 2599 921 2624; x_wconf 92' lang='lat'><em>,</em></span> 
     </span>
     <span class='ocr_line' id='line_1_29' title="bbox 239 2631 994 2714; baseline 0.005 -25"><span class='ocrx_word' id='word_1_166' title='bbox 239 2634 342 2708; x_wconf 80' lang='lat' dir='ltr'><em>quantd</em></span> <span class='ocrx_word' id='word_1_167' title='bbox 361 2633 521 2708; x_wconf 76' lang='lat' dir='ltr'><em>peruicacid</em></span> <span class='ocrx_word' id='word_1_168' title='bbox 541 2632 572 2689; x_wconf 89' lang='lat' dir='ltr'><em>in</em></span> <span class='ocrx_word' id='word_1_169' title='bbox 587 2631 704 2714; x_wconf 74' lang='lat' dir='ltr'><em>hostem,</em></span> <span class='ocrx_word' id='word_1_170' title='bbox 722 2634 803 2692; x_wconf 82' lang='lat' dir='ltr'><em>tartd</em></span> <span class='ocrx_word' id='word_1_171' title='bbox 816 2631 923 2713; x_wconf 80' lang='lat' dir='ltr'><em>benefi-</em></span> <span class='ocrx_word' id='word_1_172' title='bbox 993 2662 994 2713; x_wconf 61' lang='lat' dir='ltr'>ss</span> 
     </span>
     <span class='ocr_line' id='line_1_30' title="bbox 236 2715 921 2788; baseline 0.003 -16"><span class='ocrx_word' id='word_1_173' title='bbox 236 2715 330 2774; x_wconf 76' lang='lat' dir='ltr'><em>aeneid</em></span> <span class='ocrx_word' id='word_1_174' title='bbox 354 2717 484 2775; x_wconf 75' lang='lat' dir='ltr'><em>aduersus</em></span> <span class='ocrx_word' id='word_1_175' title='bbox 507 2715 643 2788; x_wconf 87' lang='lat' dir='ltr'><em>supplices</em></span> <span class='ocrx_word' id='word_1_176' title='bbox 664 2716 793 2773; x_wconf 86' lang='lat' dir='ltr'><em>utendum</em></span> <span class='ocrx_word' id='word_1_177' title='bbox 817 2738 827 2771; x_wconf 91' lang='lat'><em>.·</em></span> <span class='ocrx_word' id='word_1_178' title='bbox 851 2739 921 2774; x_wconf 84' lang='lat' dir='ltr'><em>nam</em></span> 
     </span>
     <span class='ocr_line' id='line_1_31' title="bbox 240 2795 923 2876; baseline 0.009 -23"><span class='ocrx_word' id='word_1_179' title='bbox 240 2795 391 2871; x_wconf 87' lang='lat' dir='ltr'><em>triumphos</em></span> <span class='ocrx_word' id='word_1_180' title='bbox 411 2799 443 2857; x_wconf 86' lang='lat' dir='ltr'><em>de</em></span> <span class='ocrx_word' id='word_1_181' title='bbox 459 2796 571 2872; x_wconf 86' lang='lat' dir='ltr'><em>populis</em></span> <span class='ocrx_word' id='word_1_182' title='bbox 587 2795 727 2875; x_wconf 79' lang='lat' dir='ltr'><em>regnisque</em></span> <span class='ocrx_word' id='word_1_183' title='bbox 739 2796 857 2876; x_wconf 79' lang='lat' dir='ltr'><em>integris</em></span> <span class='ocrx_word' id='word_1_184' title='bbox 869 2801 923 2858; x_wconf 85' lang='lat' dir='ltr'><em>ad-</em></span> 
     </span>
    </p>
   </div>
   <div class='ocr_carea' id='block_1_4' title="bbox 240 2877 352 2992">
    <p class='ocr_par' dir='ltr' id='par_1_5' title="bbox 240 2877 352 2992">
     <span class='ocr_line' id='line_1_32' title="bbox 240 2877 323 2954; baseline 0.036 -20"><span class='ocrx_word' id='word_1_185' title='bbox 240 2877 323 2954; x_wconf 81' lang='lat' dir='ltr'><em>queri.</em></span> 
     </span>
     <span class='ocr_line' id='line_1_33' title="bbox 348 2966 352 2992; baseline 0 0"><span class='ocrx_word' id='word_1_186' title='bbox 348 2966 352 2992; x_wconf 88' lang='grc' dir='ltr'>Ι</span> 
     </span>
    </p>
   </div>
   <div class='ocr_carea' id='block_1_5' title="bbox 0 0 1029 3684">
    <p class='ocr_par' dir='ltr' id='par_1_6' title="bbox 0 0 1029 3684">
     <span class='ocr_line' id='line_1_34' title="bbox 0 0 1029 3684; baseline 0 0"><span class='ocrx_word' id='word_1_187' title='bbox 0 0 1029 3684; x_wconf 95' lang='lat' dir='ltr'><em> </em></span> 
     </span>
    </p>
   </div>
  </div>
 </body>
</html>
