2000 3684
174 345 424 420 Annnrrunr
448 353 535 424 Lm.
559 356 641 426 XV.
676 378 742 450 235

70 470 160 530 nitate
190 487 286 550 captus
317 470 413 534 Cesar
437 474 537 535 crebro
570 478 748 552 ventitabat,

20 589 22 598 ‚
71 553 242 634 balneasque
268 562 295 614 &
316 555 410 634 epulas
430 557 539 627 inibat,
562 560 674 620 omissis
693 581 747 619 ex-

20 701 22 705 ,
72 635 183 705 eubiis,
208 643 235 696 &
255 633 373 695 fortune
393 657 446 697 suae
468 639 553 698 mole.
573 639 631 699 Sed
650 641 751 701 abnuit

20 757 21 760 η
71 715 160 789 Piso,
175 714 313 778 invidiam
331 719 519 797 praetendens,
539 722 568 780 si
578 743 659 780 saera
676 745 751 782 men·

20 839 22 868 3
73 819 109 857 sae
122 845 134 868 ‚
167 800 257 876 diique
284 797 435 874 hospitales
460 804 529 861 cede
552 801 752 882 qualiscumque

20 923 22 928 ,
70 881 209 953 principis
222 899 444 940 cruentarentur:
454 880 551 942 melitis
563 887 636 958 apud
643 883 732 944 urbem
739 931 751 958 ,

20 1005 22 1034 ;
74 962 103 1020 in
123 962 180 1020 illa
201 963 316 1033 invisa,
336 959 479 1038 &spoliis
500 963 604 1024 rivium
622 966 753 1046 exflnreia

75 1046 175 1113 domo,
191 1045 239 1104 uel
253 1044 283 1102 in
292 1043 401 1118 publico
416 1062 598 1120 patraturos,
617 1049 689 1122 quod
700 1069 753 1122 pro

76 1123 166 1198 repub.
184 1127 374 1200 suscepissent.
393 1125 463 1184 Haec
475 1127 686 1186 incommune:
699 1149 751 1186 ce-

77 1203 167 1266 renim
198 1207 298 1265 timore
321 1207 462 1278 occulto,
494 1227 529 1266 ne
557 1209 590 1267 L.
617 1207 752 1282 Silanus,

77 1284 358 1359 ennianobffltne‚
374 1283 521 1370 discipline
542 1308 576 1348 ue
585 1288 623 1350 C.
635 1289 753 1362 Cassii,

75 1368 149 1449 apud
168 1389 253 1450 quem
267 1369 488 1443 educarus'erat,
508 1311 545 1430 ai
561 1391 678 1431 omnem
697 1373 754 1432 cla-

76 1449 229 1511 ritudinem
252 1451 392 1522 sublatus,
418 1453 567 1532 imperium
590 1453 753 1526 invaderet,

76 1533 207 1614 prompte
232 1532 335 1592 daturis
354 1551 489 1613 operam,
517 1535 568 1613 qui
588 1555 605 1592 a
627 1540 755 1612 conjura·

78 1615 154 1674 tione
176 1615 278 1697 integri
298 1633 404 1685 essent,
431 1617 536 1696 quique
561 1616 755 1674 miserarentur

78 1695 243 1766 Neronem,
271 1714 419 1776 tamquam
449 1717 498 1776 per
518 1696 606 1755 scelus
629 1693 756 1755 interfec-

80 1795 147 1838 tum.
171 1777 298 1858 Plerique
322 1777 429 1859 Vestini
439 1798 539 1854 quoque
556 1774 677 1836 consulis
695 1799 755 1837 acre

78 1860 216 1940 ingenium
225 1859 364 1920 vitavisse
375 1858 508 1919 Pisonem
517 1857 708 1929 crediderunt,
722 1879 757 1918 ne

80 1963 97 1999 a
119 1941 245 2001 libertate
266 1959 435 2009 moveretur,
455 1940 505 2000 uel
519 1941 617 1999 deledo
636 1942 755 2016 impera·

81 2041 136 2082 rore
151 2024 226 2094 alio,
238 2025 283 2082 sur'
296 2023 414 2081 numeris
429 2021 544 2096 rempub.
551 2021 666 2098 flueret.
682 2021 755 2079 Ere-

82 2107 141 2164 nim
168 2124 263 2184 expers
289 2104 488 2182 conjurationis
513 2120 599 2170 erar;
626 2104 757 2181 quamvis

81 2206 161 2266 super
179 2207 214 2244 eo
235 2187 350 2244 crimine
368 2185 446 2244 Nero
465 2202 544 2242 verus
560 2181 688 2242 aduersus
706 2184 755 2240 in-

83 2287 193 2327 sontem
212 2267 312 2326 odium
331 2265 488 2344 expleuerit¹

122 2349 228 2409 LIII.
254 2347 386 2408 Tandem
412 2343 552 2414 statuere,
579 2343 758 2404 Circensium

83 2430 214 2492 ludorum
239 2428 304 2500 die,
329 2430 379 2510 qui
397 2427 495 2488 Cereri
517 2425 690 2496 celebratur,
706 2446 759 2484 ex·

79 2507 163 2593 ¹sequi
176 2510 328 2572 destinata:
342 2510 408 2591 quia
420 2509 533 2578 Caesar,
543 2504 617 2567 rarus
630 2527 646 2565 e
678 2527 759 2578 essu,

83 2593 229 2674 domoque
255 2613 303 2653 aut
325 2590 412 2652 hortis
434 2591 564 2660 clausus,
591 2588 627 2647 ad
664 2587 759 2648 udicra

81 2675 164 2736 Circi
193 2673 373 2745 ventitabat,
398 2673 637 2752 promptioresque
668 2668 760 2728 aditus

82 2775 160 2815 erant
187 2754 280 2815 letitiai
306 2755 463 2837 speeiaculi.
488 2753 628 2812 Ordinem
651 2749 761 2810 Insidiis

83 2857 322 2921 composuerant,
343 2855 373 2897 ur
397 2837 550 2898 Lateranus
572 2836 651 2914 quari
671 2833 761 2894 subsi-
