<?xml version="1.0" encoding="UTF-8"?>
<!DOCTYPE html PUBLIC "-//W3C//DTD XHTML 1.0 Transitional//EN"
    "http://www.w3.org/TR/xhtml1/DTD/xhtml1-transitional.dtd">
<html xmlns="http://www.w3.org/1999/xhtml" xml:lang="en" lang="en">
 <head>
  <title>
</title>
<meta http-equiv="Content-Type" content="text/html;charset=utf-8" />
  <meta name='ocr-system' content='tesseract 3.04.00' />
  <meta name='ocr-capabilities' content='ocr_page ocr_carea ocr_par ocr_line ocrx_word'/>
</head>
<body>
  <div class='ocr_page' id='page_1' title='image "./ccorneliitaciti01lallgoog_0233.png"; bbox 0 0 2000 3684; ppageno 0'>
   <div class='ocr_carea' id='block_1_1' title="bbox 161 355 741 430">
    <p class='ocr_par' dir='ltr' id='par_1_1' title="bbox 161 355 741 430">
     <span class='ocr_line' id='line_1_1' title="bbox 161 355 741 430; baseline 0.005 -4"><span class='ocrx_word' id='word_1_1' title='bbox 161 355 411 426; x_wconf 76' lang='grc' dir='ltr'>ΑιιιιΑιιυιι</span> <span class='ocrx_word' id='word_1_2' title='bbox 435 357 521 426; x_wconf 77' lang='lat' dir='ltr'>lto.</span> <span class='ocrx_word' id='word_1_3' title='bbox 545 358 627 428; x_wconf 74' lang='lat' dir='ltr'>XV.</span> <span class='ocrx_word' id='word_1_4' title='bbox 672 381 741 430; x_wconf 76' lang='grc' dir='ltr'>ιιι</span> 
     </span>
    </p>
   </div>
   <div class='ocr_carea' id='block_1_2' title="bbox 47 475 747 3001">
    <p class='ocr_par' dir='ltr' id='par_1_2' title="bbox 47 475 747 2246">
     <span class='ocr_line' id='line_1_2' title="bbox 54 475 747 560; baseline 0.003 -23"><span class='ocrx_word' id='word_1_5' title='bbox 54 475 239 560; x_wconf 68' lang='lat' dir='ltr'>profeolione</span> <span class='ocrx_word' id='word_1_6' title='bbox 262 476 334 537; x_wconf 86' lang='lat' dir='ltr'>adiit</span> <span class='ocrx_word' id='word_1_7' title='bbox 361 477 550 558; x_wconf 84' lang='lat' dir='ltr'>Capitolium.</span> <span class='ocrx_word' id='word_1_8' title='bbox 574 478 638 538; x_wconf 87' lang='lat' dir='ltr'>lllic</span> <span class='ocrx_word' id='word_1_9' title='bbox 662 501 747 541; x_wconf 75' lang='lat' dir='ltr'>veno·</span> 
     </span>
     <span class='ocr_line' id='line_1_3' title="bbox 52 557 746 642; baseline 0.009 -25"><span class='ocrx_word' id='word_1_10' title='bbox 52 578 136 620; x_wconf 81' lang='lat' dir='ltr'>ratus</span> <span class='ocrx_word' id='word_1_11' title='bbox 156 559 240 630; x_wconf 85' lang='lat' dir='ltr'>deos,</span> <span class='ocrx_word' id='word_1_12' title='bbox 257 579 345 640; x_wconf 85' lang='lat' dir='ltr'>quum</span> <span class='ocrx_word' id='word_1_13' title='bbox 362 557 455 618; x_wconf 69' lang='lat' dir='ltr'>veste</span> <span class='ocrx_word' id='word_1_14' title='bbox 469 581 584 641; x_wconf 85' lang='lat' dir='ltr'>quoque</span> <span class='ocrx_word' id='word_1_15' title='bbox 602 563 746 642; x_wconf 83' lang='lat' dir='ltr'>templum</span> 
     </span>
     <span class='ocr_line' id='line_1_4' title="bbox 53 642 741 720; baseline 0.004 -20"><span class='ocrx_word' id='word_1_16' title='bbox 53 642 178 710; x_wconf 81' lang='lat' dir='ltr'>inisset3</span> <span class='ocrx_word' id='word_1_17' title='bbox 199 659 309 719; x_wconf 88' lang='lat' dir='ltr'>tepente</span> <span class='ocrx_word' id='word_1_18' title='bbox 327 643 441 700; x_wconf 64' lang='lat' dir='ltr'>condior</span> <span class='ocrx_word' id='word_1_19' title='bbox 459 661 507 720; x_wconf 89' lang='lat' dir='ltr'>per</span> <span class='ocrx_word' id='word_1_20' title='bbox 519 661 594 701; x_wconf 84' lang='lat' dir='ltr'>attus</span> <span class='ocrx_word' id='word_1_21' title='bbox 605 661 741 715; x_wconf 80' lang='lat' dir='ltr'>tremens,</span> 
     </span>
     <span class='ocr_line' id='line_1_5' title="bbox 52 721 746 792; baseline 0.004 -12"><span class='ocrx_word' id='word_1_22' title='bbox 52 741 107 780; x_wconf 86' lang='lat' dir='ltr'>seu</span> <span class='ocrx_word' id='word_1_23' title='bbox 128 724 244 781; x_wconf 86' lang='lat' dir='ltr'>numine</span> <span class='ocrx_word' id='word_1_24' title='bbox 262 740 430 792; x_wconf 85' lang='lat' dir='ltr'>exterrente,</span> <span class='ocrx_word' id='word_1_25' title='bbox 452 741 500 781; x_wconf 88' lang='lat' dir='ltr'>seu</span> <span class='ocrx_word' id='word_1_26' title='bbox 519 721 678 784; x_wconf 85' lang='lat' dir='ltr'>facinorum</span> <span class='ocrx_word' id='word_1_27' title='bbox 698 745 746 783; x_wconf 89' lang='lat' dir='ltr'>re-</span> 
     </span>
     <span class='ocr_line' id='line_1_6' title="bbox 52 801 742 884; baseline 0.007 -24"><span class='ocrx_word' id='word_1_28' title='bbox 52 801 226 862; x_wconf 86' lang='lat' dir='ltr'>cordatione</span> <span class='ocrx_word' id='word_1_29' title='bbox 244 823 400 884; x_wconf 83' lang='lat' dir='ltr'>numquam</span> <span class='ocrx_word' id='word_1_30' title='bbox 422 805 525 863; x_wconf 88' lang='lat' dir='ltr'>timote</span> <span class='ocrx_word' id='word_1_31' title='bbox 543 825 666 876; x_wconf 79' lang='lat' dir='ltr'>vacuos,</span> <span class='ocrx_word' id='word_1_32' title='bbox 686 805 742 865; x_wconf 70' lang='lat' dir='ltr'>de-</span> 
     </span>
     <span class='ocr_line' id='line_1_7' title="bbox 51 885 744 961; baseline 0.01 -20"><span class='ocrx_word' id='word_1_33' title='bbox 51 885 145 942; x_wconf 79' lang='lat' dir='ltr'>seruit</span> <span class='ocrx_word' id='word_1_34' title='bbox 163 886 325 961; x_wconf 88' lang='lat' dir='ltr'>inceptum,</span> <span class='ocrx_word' id='word_1_35' title='bbox 347 891 455 944; x_wconf 72' lang='lat' dir='ltr'>crinitas</span> <span class='ocrx_word' id='word_1_36' title='bbox 472 885 529 944; x_wconf 82' lang='lat' dir='ltr'><em>sibi</em></span> <span class='ocrx_word' id='word_1_37' title='bbox 548 907 628 944; x_wconf 83' lang='lat' dir='ltr'>curas</span> <span class='ocrx_word' id='word_1_38' title='bbox 650 908 744 949; x_wconf 79' lang='lat' dir='ltr'>amore</span> 
     </span>
     <span class='ocr_line' id='line_1_8' title="bbox 47 965 744 1042; baseline 0.009 -18"><span class='ocrx_word' id='word_1_39' title='bbox 47 965 156 1042; x_wconf 74' lang='lat' dir='ltr'>patrio</span> <span class='ocrx_word' id='word_1_40' title='bbox 180 965 297 1026; x_wconf 77' lang='lat' dir='ltr'>leviores</span> <span class='ocrx_word' id='word_1_41' title='bbox 326 965 467 1025; x_wconf 73' lang='lat' dir='ltr'>distitans.</span> <span class='ocrx_word' id='word_1_42' title='bbox 500 967 616 1026; x_wconf 81' lang='lat' dir='ltr'>Vidisse</span> <span class='ocrx_word' id='word_1_43' title='bbox 638 967 744 1030; x_wconf 78' lang='lat' dir='ltr'><em>civium</em></span> 
     </span>
     <span class='ocr_line' id='line_1_9' title="bbox 52 1047 744 1125; baseline 0.007 -21"><span class='ocrx_word' id='word_1_44' title='bbox 52 1069 159 1106; x_wconf 80' lang='lat' dir='ltr'>moesot</span> <span class='ocrx_word' id='word_1_45' title='bbox 172 1047 283 1116; x_wconf 80' lang='lat' dir='ltr'>vultus,</span> <span class='ocrx_word' id='word_1_46' title='bbox 304 1048 398 1106; x_wconf 78' lang='lat' dir='ltr'>ordire</span> <span class='ocrx_word' id='word_1_47' title='bbox 413 1065 532 1106; x_wconf 81' lang='lat' dir='ltr'>secretas</span> <span class='ocrx_word' id='word_1_48' title='bbox 542 1048 744 1125; x_wconf 78' lang='lat' dir='ltr'>puetinwnias,</span> 
     </span>
     <span class='ocr_line' id='line_1_10' title="bbox 51 1127 745 1212; baseline 0.012 -28"><span class='ocrx_word' id='word_1_49' title='bbox 51 1127 132 1204; x_wconf 79' lang='lat' dir='ltr'>qudd</span> <span class='ocrx_word' id='word_1_50' title='bbox 151 1145 257 1186; x_wconf 83' lang='lat' dir='ltr'>tantum</span> <span class='ocrx_word' id='word_1_51' title='bbox 283 1129 407 1188; x_wconf 77' lang='lat' dir='ltr'>aditurus</span> <span class='ocrx_word' id='word_1_52' title='bbox 430 1147 503 1188; x_wconf 86' lang='lat' dir='ltr'>esset</span> <span class='ocrx_word' id='word_1_53' title='bbox 521 1131 593 1200; x_wconf 83' lang='lat' dir='ltr'>iter,</span> <span class='ocrx_word' id='word_1_54' title='bbox 612 1130 745 1212; x_wconf 81' lang='lat' dir='ltr'>cujusne</span> 
     </span>
     <span class='ocr_line' id='line_1_11' title="bbox 53 1209 744 1288; baseline 0.006 -20"><span class='ocrx_word' id='word_1_55' title='bbox 53 1210 180 1268; x_wconf 83' lang='lat' dir='ltr'>modicos</span> <span class='ocrx_word' id='word_1_56' title='bbox 191 1209 297 1286; x_wconf 80' lang='lat' dir='ltr'>quidem</span> <span class='ocrx_word' id='word_1_57' title='bbox 307 1231 429 1288; x_wconf 82' lang='lat' dir='ltr'>egressus</span> <span class='ocrx_word' id='word_1_58' title='bbox 439 1210 604 1282; x_wconf 78' lang='lat' dir='ltr'>tolerarent,</span> <span class='ocrx_word' id='word_1_59' title='bbox 611 1215 686 1271; x_wconf 85' lang='lat' dir='ltr'>sueti</span> <span class='ocrx_word' id='word_1_60' title='bbox 693 1217 744 1272; x_wconf 80' lang='lat' dir='ltr'>ad-</span> 
     </span>
     <span class='ocr_line' id='line_1_12' title="bbox 52 1289 738 1370; baseline 0.006 -20"><span class='ocrx_word' id='word_1_61' title='bbox 52 1312 168 1350; x_wconf 76' lang='lat' dir='ltr'>versum</span> <span class='ocrx_word' id='word_1_62' title='bbox 182 1289 304 1366; x_wconf 79' lang='lat' dir='ltr'><em>fimuita</em></span> <span class='ocrx_word' id='word_1_63' title='bbox 324 1293 448 1364; x_wconf 74' lang='lat' dir='ltr'>adspectu</span> <span class='ocrx_word' id='word_1_64' title='bbox 463 1292 588 1366; x_wconf 77' lang='lat' dir='ltr'><em>pincipis</em></span> <span class='ocrx_word' id='word_1_65' title='bbox 608 1294 738 1370; x_wconf 79' lang='lat' dir='ltr'>refoveri.</span> 
     </span>
     <span class='ocr_line' id='line_1_13' title="bbox 52 1371 740 1451; baseline 0.009 -21"><span class='ocrx_word' id='word_1_66' title='bbox 52 1371 154 1451; x_wconf 78' lang='lat' dir='ltr'>Ergo,</span> <span class='ocrx_word' id='word_1_67' title='bbox 172 1390 202 1430; x_wconf 85' lang='lat' dir='ltr'>ut</span> <span class='ocrx_word' id='word_1_68' title='bbox 220 1372 250 1430; x_wconf 83' lang='lat' dir='ltr'>in</span> <span class='ocrx_word' id='word_1_69' title='bbox 266 1374 392 1446; x_wconf 77' lang='lat' dir='ltr'>privatis</span> <span class='ocrx_word' id='word_1_70' title='bbox 412 1373 657 1434; x_wconf 79' lang='lat' dir='ltr'>necessitudinibus</span> <span class='ocrx_word' id='word_1_71' title='bbox 674 1399 740 1450; x_wconf 83' lang='lat' dir='ltr'>pro·</span> 
     </span>
     <span class='ocr_line' id='line_1_14' title="bbox 51 1454 742 1531; baseline 0.009 -21"><span class='ocrx_word' id='word_1_72' title='bbox 51 1455 136 1512; x_wconf 84' lang='lat' dir='ltr'><em>xima</em></span> <span class='ocrx_word' id='word_1_73' title='bbox 144 1454 262 1531; x_wconf 81' lang='lat' dir='ltr'>pignora</span> <span class='ocrx_word' id='word_1_74' title='bbox 271 1455 466 1526; x_wconf 73' lang='lat' dir='ltr'>prevalerent,</span> <span class='ocrx_word' id='word_1_75' title='bbox 482 1456 524 1514; x_wconf 86' lang='lat' dir='ltr'>ita</span> <span class='ocrx_word' id='word_1_76' title='bbox 539 1457 671 1530; x_wconf 78' lang='lat' dir='ltr'>populum</span> <span class='ocrx_word' id='word_1_77' title='bbox 684 1456 742 1516; x_wconf 83' lang='lat' dir='ltr'>Ro·</span> 
     </span>
     <span class='ocr_line' id='line_1_15' title="bbox 51 1535 741 1615; baseline 0.007 -22"><span class='ocrx_word' id='word_1_78' title='bbox 51 1553 167 1594; x_wconf 84' lang='lat' dir='ltr'>manunt</span> <span class='ocrx_word' id='word_1_79' title='bbox 181 1536 240 1594; x_wconf 78' lang='lat' dir='ltr'><em>vim</em></span> <span class='ocrx_word' id='word_1_80' title='bbox 252 1536 401 1608; x_wconf 68' lang='lat' dir='ltr'>plurinum</span> <span class='ocrx_word' id='word_1_81' title='bbox 411 1535 509 1596; x_wconf 78' lang='lat' dir='ltr'>habere</span> <span class='ocrx_word' id='word_1_82' title='bbox 516 1559 531 1608; x_wconf 68' lang='grc' dir='ltr'><strong><em>ς</em></strong></span> <span class='ocrx_word' id='word_1_83' title='bbox 540 1540 741 1615; x_wconf 81' lang='lat' dir='ltr'>parendumque</span> 
     </span>
     <span class='ocr_line' id='line_1_16' title="bbox 54 1615 742 1698; baseline 0.009 -25"><span class='ocrx_word' id='word_1_84' title='bbox 54 1615 197 1674; x_wconf 83' lang='lat' dir='ltr'>retinenti.</span> <span class='ocrx_word' id='word_1_85' title='bbox 221 1615 293 1674; x_wconf 77' lang='lat' dir='ltr'>Haec</span> <span class='ocrx_word' id='word_1_86' title='bbox 314 1635 397 1698; x_wconf 86' lang='lat' dir='ltr'>atque</span> <span class='ocrx_word' id='word_1_87' title='bbox 423 1617 491 1676; x_wconf 79' lang='lat' dir='ltr'>talia</span> <span class='ocrx_word' id='word_1_88' title='bbox 515 1617 594 1696; x_wconf 90' lang='lat' dir='ltr'>plebi</span> <span class='ocrx_word' id='word_1_89' title='bbox 614 1618 742 1680; x_wconf 87' lang='lat' dir='ltr'>volentia</span> 
     </span>
     <span class='ocr_line' id='line_1_17' title="bbox 53 1696 745 1780; baseline 0 -26"><span class='ocrx_word' id='word_1_90' title='bbox 53 1696 150 1768; x_wconf 85' lang='lat' dir='ltr'>fuere,</span> <span class='ocrx_word' id='word_1_91' title='bbox 169 1696 346 1776; x_wconf 82' lang='lat' dir='ltr'>voluptatum</span> <span class='ocrx_word' id='word_1_92' title='bbox 368 1697 517 1776; x_wconf 88' lang='lat' dir='ltr'>cupidine,</span> <span class='ocrx_word' id='word_1_93' title='bbox 532 1707 575 1769; x_wconf 76' lang='grc' dir='ltr'>δι,</span> <span class='ocrx_word' id='word_1_94' title='bbox 592 1719 654 1780; x_wconf 72' lang='lat' dir='ltr'>qux</span> <span class='ocrx_word' id='word_1_95' title='bbox 674 1721 745 1779; x_wconf 76' lang='lat' dir='ltr'>ptae·,</span> 
     </span>
     <span class='ocr_line' id='line_1_18' title="bbox 54 1776 738 1864; baseline 0.009 -27"><span class='ocrx_word' id='word_1_96' title='bbox 54 1781 139 1859; x_wconf 79' lang='lat' dir='ltr'>cipue</span> <span class='ocrx_word' id='word_1_97' title='bbox 159 1799 224 1838; x_wconf 84' lang='lat' dir='ltr'>cura</span> <span class='ocrx_word' id='word_1_98' title='bbox 241 1776 297 1849; x_wconf 87' lang='lat' dir='ltr'>est,</span> <span class='ocrx_word' id='word_1_99' title='bbox 313 1781 352 1838; x_wconf 86' lang='lat' dir='ltr'>tei</span> <span class='ocrx_word' id='word_1_100' title='bbox 371 1778 560 1840; x_wconf 72' lang='lat' dir='ltr'>frumentaria:</span> <span class='ocrx_word' id='word_1_101' title='bbox 574 1778 738 1864; x_wconf 76' lang='lat' dir='ltr'>angustias,</span> 
     </span>
     <span class='ocr_line' id='line_1_19' title="bbox 52 1859 739 1943; baseline 0.01 -24"><span class='ocrx_word' id='word_1_102' title='bbox 52 1861 77 1919; x_wconf 79' lang='lat' dir='ltr'><em>si</em></span> <span class='ocrx_word' id='word_1_103' title='bbox 97 1859 227 1930; x_wconf 82' lang='lat' dir='ltr'>abesset,</span> <span class='ocrx_word' id='word_1_104' title='bbox 251 1862 396 1921; x_wconf 86' lang='lat' dir='ltr'>metuenti.</span> <span class='ocrx_word' id='word_1_105' title='bbox 419 1861 538 1922; x_wconf 84' lang='lat' dir='ltr'>Senatus</span> <span class='ocrx_word' id='word_1_106' title='bbox 556 1863 739 1943; x_wconf 81' lang='lat' dir='ltr'>&amp;primores</span> 
     </span>
     <span class='ocr_line' id='line_1_20' title="bbox 54 1941 739 2022; baseline 0.012 -24"><span class='ocrx_word' id='word_1_107' title='bbox 54 1943 84 2000; x_wconf 90' lang='lat' dir='ltr'>in</span> <span class='ocrx_word' id='word_1_108' title='bbox 103 1943 212 2002; x_wconf 88' lang='lat' dir='ltr'>incerto</span> <span class='ocrx_word' id='word_1_109' title='bbox 225 1961 321 2012; x_wconf 82' lang='lat' dir='ltr'>etant,</span> <span class='ocrx_word' id='word_1_110' title='bbox 341 1943 439 2022; x_wconf 91' lang='lat' dir='ltr'>procul</span> <span class='ocrx_word' id='word_1_111' title='bbox 458 1941 602 2003; x_wconf 70' lang='lat' dir='ltr'>ancotdm</span> <span class='ocrx_word' id='word_1_112' title='bbox 616 1946 739 2007; x_wconf 87' lang='lat' dir='ltr'>atrocior</span> 
     </span>
     <span class='ocr_line' id='line_1_21' title="bbox 54 2019 739 2111; baseline 0.015 -31"><span class='ocrx_word' id='word_1_113' title='bbox 54 2019 208 2088; x_wconf 82' lang='lat' dir='ltr'>haberetur</span> <span class='ocrx_word' id='word_1_114' title='bbox 233 2046 240 2079; x_wconf 78' lang='lat' dir='ltr'>t</span> <span class='ocrx_word' id='word_1_115' title='bbox 267 2021 390 2094; x_wconf 88' lang='lat' dir='ltr'>dehinc,</span> <span class='ocrx_word' id='word_1_116' title='bbox 417 2045 478 2105; x_wconf 74' lang='lat' dir='ltr'>qux</span> <span class='ocrx_word' id='word_1_117' title='bbox 503 2045 602 2086; x_wconf 82' lang='lat' dir='ltr'>natura</span> <span class='ocrx_word' id='word_1_118' title='bbox 624 2029 739 2111; x_wconf 79' lang='lat' dir='ltr'>magnis</span> 
     </span>
     <span class='ocr_line' id='line_1_22' title="bbox 55 2105 739 2190; baseline 0.01 -28"><span class='ocrx_word' id='word_1_119' title='bbox 55 2105 242 2174; x_wconf 88' lang='lat' dir='ltr'>timoribus,</span> <span class='ocrx_word' id='word_1_120' title='bbox 278 2105 397 2166; x_wconf 86' lang='lat' dir='ltr'>deterius</span> <span class='ocrx_word' id='word_1_121' title='bbox 432 2105 583 2168; x_wconf 81' lang='lat' dir='ltr'>credebant</span> <span class='ocrx_word' id='word_1_122' title='bbox 607 2149 618 2176; x_wconf 85' lang='lat'>,</span> <span class='ocrx_word' id='word_1_123' title='bbox 660 2109 739 2190; x_wconf 87' lang='lat' dir='ltr'>quod</span> 
     </span>
     <span class='ocr_line' id='line_1_23' title="bbox 54 2205 195 2246; baseline 0.014 -3"><span class='ocrx_word' id='word_1_124' title='bbox 54 2205 195 2246; x_wconf 84' lang='lat' dir='ltr'>evenerat.</span> 
     </span>
    </p>

    <p class='ocr_par' dir='ltr' id='par_1_3' title="bbox 53 2265 738 2981">
     <span class='ocr_line' id='line_1_24' title="bbox 94 2265 737 2350; baseline 0.005 -24"><span class='ocrx_word' id='word_1_125' title='bbox 94 2267 255 2329; x_wconf 86' lang='lat' dir='ltr'><strong>XXXVII.</strong></span> <span class='ocrx_word' id='word_1_126' title='bbox 278 2267 340 2348; x_wconf 87' lang='lat' dir='ltr'>Ipse</span> <span class='ocrx_word' id='word_1_127' title='bbox 362 2265 422 2350; x_wconf 80' lang='lat' dir='ltr'>qud</span> <span class='ocrx_word' id='word_1_128' title='bbox 451 2266 538 2328; x_wconf 89' lang='lat' dir='ltr'>fidem</span> <span class='ocrx_word' id='word_1_129' title='bbox 561 2268 737 2349; x_wconf 83' lang='lat' dir='ltr'>adquireret,</span> 
     </span>
     <span class='ocr_line' id='line_1_25' title="bbox 54 2346 737 2430; baseline 0.007 -23"><span class='ocrx_word' id='word_1_130' title='bbox 54 2346 129 2408; x_wconf 85' lang='lat' dir='ltr'>nihil</span> <span class='ocrx_word' id='word_1_131' title='bbox 143 2369 262 2430; x_wconf 76' lang='lat' dir='ltr'><strong>usquam</strong></span> <span class='ocrx_word' id='word_1_132' title='bbox 279 2350 391 2429; x_wconf 84' lang='lat' dir='ltr'>perinde</span> <span class='ocrx_word' id='word_1_133' title='bbox 410 2351 504 2410; x_wconf 83' lang='lat' dir='ltr'>laetunr</span> <span class='ocrx_word' id='word_1_134' title='bbox 523 2350 597 2420; x_wconf 83' lang='lat' dir='ltr'><em>sibi,</em></span> <span class='ocrx_word' id='word_1_135' title='bbox 616 2351 737 2430; x_wconf 79' lang='lat' dir='ltr'>publicis</span> 
     </span>
     <span class='ocr_line' id='line_1_26' title="bbox 55 2429 738 2533; baseline 0.01 -45"><span class='ocrx_word' id='word_1_136' title='bbox 55 2430 126 2488; x_wconf 83' lang='lat' dir='ltr'>locis</span> <span class='ocrx_word' id='word_1_137' title='bbox 144 2429 244 2490; x_wconf 89' lang='lat' dir='ltr'>struere</span> <span class='ocrx_word' id='word_1_138' title='bbox 263 2434 415 2502; x_wconf 78' lang='lat' dir='ltr'>convivit,</span> <span class='ocrx_word' id='word_1_139' title='bbox 433 2429 549 2512; x_wconf 75' lang='lat' dir='ltr'>totique</span> <span class='ocrx_word' id='word_1_140' title='bbox 568 2431 636 2490; x_wconf 88' lang='lat' dir='ltr'>urbe</span> <span class='ocrx_word' id='word_1_141' title='bbox 655 2436 738 2533; x_wconf 68' lang='lat' dir='ltr'>&lt;puori</span> 
     </span>
     <span class='ocr_line' id='line_1_27' title="bbox 54 2509 736 2595; baseline 0.007 -26"><span class='ocrx_word' id='word_1_142' title='bbox 54 2509 144 2570; x_wconf 90' lang='lat' dir='ltr'>domo</span> <span class='ocrx_word' id='word_1_143' title='bbox 169 2513 219 2572; x_wconf 89' lang='lat' dir='ltr'>uti.</span> <span class='ocrx_word' id='word_1_144' title='bbox 243 2512 281 2572; x_wconf 87' lang='lat' dir='ltr'>Et</span> <span class='ocrx_word' id='word_1_145' title='bbox 303 2513 489 2574; x_wconf 70' lang='lat' dir='ltr'>celeberrime</span> <span class='ocrx_word' id='word_1_146' title='bbox 510 2514 578 2572; x_wconf 86' lang='lat' dir='ltr'>luxu</span> <span class='ocrx_word' id='word_1_147' title='bbox 600 2511 736 2595; x_wconf 66' lang='lat' dir='ltr'>famaque</span> 
     </span>
     <span class='ocr_line' id='line_1_28' title="bbox 54 2591 735 2678; baseline 0.007 -28"><span class='ocrx_word' id='word_1_148' title='bbox 54 2594 143 2671; x_wconf 84' lang='lat' dir='ltr'>epulae</span> <span class='ocrx_word' id='word_1_149' title='bbox 170 2591 264 2664; x_wconf 86' lang='lat' dir='ltr'>fuere,</span> <span class='ocrx_word' id='word_1_150' title='bbox 292 2613 361 2675; x_wconf 82' lang='lat' dir='ltr'>quas</span> <span class='ocrx_word' id='word_1_151' title='bbox 384 2617 400 2656; x_wconf 85' lang='lat' dir='ltr'>a</span> <span class='ocrx_word' id='word_1_152' title='bbox 427 2594 575 2678; x_wconf 82' lang='lat' dir='ltr'>Tigellino</span> <span class='ocrx_word' id='word_1_153' title='bbox 605 2615 735 2674; x_wconf 82' lang='lat' dir='ltr'>paratas,</span> 
     </span>
     <span class='ocr_line' id='line_1_29' title="bbox 54 2674 735 2756; baseline 0.01 -25"><span class='ocrx_word' id='word_1_154' title='bbox 54 2693 86 2732; x_wconf 90' lang='lat' dir='ltr'>ut</span> <span class='ocrx_word' id='word_1_155' title='bbox 107 2675 269 2753; x_wconf 81' lang='lat' dir='ltr'>exemplum</span> <span class='ocrx_word' id='word_1_156' title='bbox 294 2674 436 2746; x_wconf 81' lang='lat' dir='ltr'>referant,</span> <span class='ocrx_word' id='word_1_157' title='bbox 456 2697 491 2735; x_wconf 86' lang='lat' dir='ltr'>ne</span> <span class='ocrx_word' id='word_1_158' title='bbox 511 2678 607 2756; x_wconf 85' lang='lat' dir='ltr'><em>saepius</em></span> <span class='ocrx_word' id='word_1_159' title='bbox 635 2676 735 2738; x_wconf 85' lang='lat' dir='ltr'>eadem</span> 
     </span>
     <span class='ocr_line' id='line_1_30' title="bbox 53 2755 736 2842; baseline 0.01 -31"><span class='ocrx_word' id='word_1_160' title='bbox 53 2755 233 2837; x_wconf 85' lang='lat' dir='ltr'>prodigentia</span> <span class='ocrx_word' id='word_1_161' title='bbox 253 2757 390 2821; x_wconf 79' lang='lat' dir='ltr'>narranda</span> <span class='ocrx_word' id='word_1_162' title='bbox 412 2760 455 2818; x_wconf 84' lang='lat' dir='ltr'>sit.</span> <span class='ocrx_word' id='word_1_163' title='bbox 476 2757 567 2839; x_wconf 80' lang='lat' dir='ltr'>Igitur</span> <span class='ocrx_word' id='word_1_164' title='bbox 587 2759 617 2818; x_wconf 91' lang='lat' dir='ltr'>in</span> <span class='ocrx_word' id='word_1_165' title='bbox 634 2755 736 2842; x_wconf 80' lang='lat' dir='ltr'>stagno</span> 
     </span>
     <span class='ocr_line' id='line_1_31' title="bbox 53 2836 735 2981; baseline 0.012 -87"><span class='ocrx_word' id='word_1_166' title='bbox 53 2838 186 2920; x_wconf 74' lang='lat' dir='ltr'>Agrippae</span> <span class='ocrx_word' id='word_1_167' title='bbox 206 2836 357 2900; x_wconf 80' lang='lat' dir='ltr'>fabricatus</span> <span class='ocrx_word' id='word_1_168' title='bbox 377 2837 417 2898; x_wconf 87' lang='lat' dir='ltr'>est</span> <span class='ocrx_word' id='word_1_169' title='bbox 437 2841 616 2981; x_wconf 60' lang='lat' dir='ltr'>tatemkcui</span> <span class='ocrx_word' id='word_1_170' title='bbox 638 2860 735 2922; x_wconf 83' lang='lat' dir='ltr'>soper-</span> 
     </span>
    </p>

    <p class='ocr_par' dir='ltr' id='par_1_4' title="bbox 581 2941 613 3001">
     <span class='ocr_line' id='line_1_32' title="bbox 581 2941 613 3001; baseline 0 -23"><span class='ocrx_word' id='word_1_171' title='bbox 581 2941 613 3001; x_wconf 71' lang='lat' dir='ltr'>up</span> 
     </span>
    </p>
   </div>
   <div class='ocr_carea' id='block_1_3' title="bbox 0 0 1005 3684">
    <p class='ocr_par' dir='ltr' id='par_1_5' title="bbox 0 0 1005 3684">
     <span class='ocr_line' id='line_1_33' title="bbox 0 0 1005 3684; baseline 0 0"><span class='ocrx_word' id='word_1_172' title='bbox 0 0 1005 3684; x_wconf 95' lang='lat' dir='ltr'> </span> 
     </span>
    </p>
   </div>
  </div>
 </body>
</html>
