2000 3684
220 287 580 360 Ariaramneia.
605 291 691 360 XII.
758 297 804 380 67

122 408 302 488 Quindecim
332 410 441 470 dierum
473 410 610 472 alimenta
636 409 722 483 urbi,
745 433 806 474 non

121 493 265 571 amplius,
287 490 452 572 superfuisse
472 489 624 552 constitit:
643 513 691 552 ma
732 513 807 573 aque

121 572 210 632 deitm
242 573 445 656 benignitate,
475 583 504 634 &
532 571 672 634 modestirh
723 575 807 636 iemis

120 656 207 716 rebus
248 657 381 714 extremis
414 656 593 716 subventum.
625 655 666 715 At
693 651 808 716 hercule

122 737 197 796 olim
225 756 258 795 ex
280 735 370 796 ltarrae
393 737 558 820 regionibus
584 736 755 820 longinquas
775 739 807 798 in

124 819 288 900 provincias
320 837 495 879 commeatus
526 816 678 899 portabant
712 841 719 876 ε
754 839 808 880 nec

123 919 201 960 nunc
216 897 419 960 infecunditate
429 899 592 971 laboratur,
612 898 662 960 sed
677 898 808 961 Africam
844 970 848 976 ,

124 978 220 1062 potitis
238 990 266 1040 &
285 980 449 1064 AEgyptum
468 1001 648 1052 exercemus,
667 981 807 1042 navibus·

125 1083 196 1202 qulps
215 1063 375 1204 &stcasibus
396 1065 457 1124 rita
476 1064 576 1144 populi
594 1063 722 1124 Romani
739 1083 806 1145 per-

123 1165 156 1204 m
190 1165 244 1202 ae
270 1190 277 1204 .

167 1225 278 1286 XLIV.
297 1224 410 1286 Eodem
430 1247 507 1286 anno
526 1226 633 1287 bellum
656 1229 729 1288 inter
745 1225 807 1290 Ar·

125 1309 239 1368 menios
257 1306 408 1388 Iberosque
428 1327 577 1380 exortum,
602 1306 713 1370 Parthis
733 1329 809 1392 quo-

124 1409 181 1470 que
207 1409 240 1448 ac
261 1389 400 1450 Romanis
429 1391 658 1472 gravissimorum
684 1392 756 1450 inter
778 1412 809 1452 se

124 1489 260 1530 motuum
277 1491 359 1530 causa
371 1467 433 1530 fuit.
449 1470 538 1531 Genti
554 1469 723 1532 Parthorum
736 1473 807 1531 Vo-

122 1552 238 1634 logeses
264 1550 465 1634 imperitabat,
489 1570 616 1612 materna
634 1553 747 1636 origine
773 1574 809 1616 ex

124 1633 228 1718 pellice
250 1633 372 1706 Graeca,
394 1654 527 1694 concessu
549 1633 667 1694 fratrum
688 1655 809 1718 regnum

125 1716 254 1796 adeptus.
283 1717 379 1778 Iberos
400 1713 605 1776 Pharasmanes
622 1714 728 1777 vetusta
746 1738 810 1798 pos·

126 1799 252 1860 sessione
264 1821 274 1870 3
292 1799 443 1860 Armenios
459 1796 544 1858 frater
556 1803 615 1877 ejus
626 1795 810 1862 Mithridates

127 1881 299 1953 obtinebat,
316 1881 417 1962 opibus
428 1879 536 1941 nostris.
547 1881 616 1941 Erat
624 1878 811 1944 Pharasmani

125 1961 203 2024 filius
229 1965 346 2024 nomine
367 1960 589 2033 Rhadamistus‚
615 1962 717 2024 decora
743 1985 810 2045 pro-

128 2047 276 2116 ceritate,
308 2047 338 2106 vi
369 2047 491 2124 corporis
520 2040 664 2127 insignis,
693 2053 722 2106 bt
752 2067 808 2126 pa·

127 2129 197 2188 trias
227 2147 299 2186 artes
328 2125 465 2198 edomas,
493 2123 623 2206 clarique
654 2129 726 2186 inter
754 2149 809 2187 ac-

127 2210 208 2270 colas
226 2206 312 2269 fama
331 2209 358 2268 ls
379 2210 512 2268 modicum
531 2208 626 2267 Iberia
640 2229 749 2286 regnum
763 2233 810 2269 se·

127 2293 207 2353 nerea
230 2291 323 2368 patris
353 2291 470 2349 detineri
490 2284 610 2348 ferocius
633 2289 812 2372 crebriusque

129 2379 136 2390 '
159 2373 277 2444 hiabat,
307 2369 392 2454 quim
412 2391 442 2432 ut
464 2370 627 2452 cupidinem
649 2373 811 2434 occultaret.

127 2397 222 2540 ligitur
263 2447 465 2516 Pharasmanes
508 2459 640 2532 juvenem
675 2456 810 2534 potentiae

131 2556 271 2618 promptae
282 2545 310 2596 &
327 2533 418 2595 {ludio
438 2536 617 2617 popularium
634 2537 811 2608 acciniium,

129 2619 313 2702 vergentibus
357 2623 415 2697 jam
454 2621 536 2678 annis
571 2619 626 2678 suis
657 2638 783 2678 metuens
796 2663 810 2689 1,

128 2703 219 2761 aliam
241 2702 278 2760 ad
300 2721 377 2778 spem
395 2696 524 2771 trahere,
543 2707 572 2758 δι
589 2699 753 2759 Armeniam
763 2721 812 2759 os-

126 2801 253 2858 tentare,
264 2782 357 2860 pulsis
377 2781 493 2844 Parthis
502 2827 516 2856 ,
530 2784 623 2844 ᾰαιαω
641 2781 813 2843 Mithridati
